4566 5476
899 503 906 510 ·
1321 463 1325 470 ’
1382 524 1386 530 ’
1770 507 1867 570 ..cta
1915 505 2025 586 olymp.

333 591 414 664 I’oet
428 614 504 663 enm
515 589 638 662 Zeilae
653 609 791 683 regnum
813 589 910 659 armis
926 583 1236 664 Gallorum'obtinet
1251 591 1362 663 contra
1379 593 1480 686 patrie
1489 605 1726 664 testamentum
1763 597 1872 682 (150)

331 681 418 752 Eum
440 679 586 776 sequitur
607 679 692 749 lilius
714 679 904 748 Prusias-l
924 679 1013 765 (tare
1036 683 1076 748 ab
1100 707 1127 752 a
1150 684 1365 772 tte-183)
1387 684 1532 775 Philippi
1553 683 1600 750 III
1622 683 1728 752 Mace-

376 771 471 840 donis
499 769 608 838 socius
635 779 745 838 contra
764 765 964 853 Attalnml,
987 791 1063 861 qna
1086 766 1121 838 in
1148 771 1238 841 bello
1258 771 1361 840 Cium
1390 783 1424 840 et
1445 773 1744 863 Myrleameepit‚·
1784 797 1787 805 ’
1934 804 1936 813 ·
2029 806 2035 820 ·

374 881 457 950 ques
480 857 521 926 de
544 880 604 926 suo
628 868 662 925 et
682 855 794 924 uxoris
816 857 951 924 nornine
971 857 1163 928 Pmsiadem
1186 869 1221 929 et
1241 857 1421 952 Apameam
1450 861 1588 929 vocavit.
1633 858 1725 928 Idem

373 941 410 1013 in
432 945 675 1040 oppugnatione
697 942 875 1013 Heracleae
896 944 1084 1015 vulneratus
1106 949 1251 1016 claudus
1274 960 1307 1017 ct
1328 948 1366 1015 fit
1388 959 1422 1016 et
1443 947 1636 1039 appellatur.

329 1030 488 1126 Sequitur
502 1058 578 1102 eum
593 1031 740 1102 Prusias
752 1029 799 1101 ΙΙ
810 1027 951 1120 κυνηγὸς
972 1035 1165 1126 appellatus,
1183 1036 1293 1104 Persei
1304 1034 1426 1106 Maced.
1444 1036 1563 1104 sororis
1582 1035 1725 1105 maritus.

331 1120 420 1190 Cum
441 1119 509 1190 lilio
533 1143 636 1212 puero
660 1120 702 1190 10
725 1143 799 1187 ann.
821 1119 1002 1190 Nicomede
1025 1121 1152 1190 Rornae
1180 1122 1385 1192 senatoribus
1409 1124 1579 1193 adulatur·
1586 1173 1725 1195 .....
1784 1121 1848 1190 167

328 1206 448 1280 Postea
471 1209 613 1280 errndern
635 1208 739 1275 lilium
762 1207 839 1278 odio
862 1211 1081 1302 persequitur,
1110 1209 1272 1301 Bithynos
1294 1211 1431 1304 premit,
1457 1210 1668 1282 Nicomediae
1689 1211 1725 1278 in

374 1298 455 1368 aede
476 1296 569 1366 Iovis
591 1297 771 1365 trucidatur
795 1344 1330 1366 .................
1345 1347 1350 1352 -
1355 1346 1725 1367 ............
1785 1297 1849 1365 119

328 1383 530 1456 Nicomedes
543 1382 589 1451 ΙΙ
608 1383 644 1452 Ε
667 1382 813 1470 iphraer
832 1379 947 1474 regnat
968 1380 1075 1476 neqn'e
1097 1385 1138 1454 ad
1161 1410 1190 1454 a.
1225 1435 1494 1455 .........
1500 1377 1503 1385 ’
1519 1435 1725 1455 .......
1805 1389 1847 1456 91

328 1473 530 1544 Nicomedes
538 1469 612 1576 tlt
633 1407 843 1560 ,Iettoparor
865 1471 915 1540 bis
947 1495 964 1538 a
988 1473 1176 1543 Mithridate
1205 1472 1395 1570 expellitur,
1424 1474 1563 1564 allam.
1584 1475 1724 1544 restitni-

373 1573 444 1631 tore
464 1583 609 1632 mertens
630 1569 827 1630 testamento
850 1582 987 1652 regnum
1009 1561 1133 1655 populo
1155 1561 1251 1632 Rom.
1274 1561 1432 1655 relinquit
1453 1611 1724 1632 .........
1804 1559 1848 1630 71

415 1961 483 2043 ttt.
540 1959 640 2043 RES
677 1961 1001 2043 GRAECARUM
1038 1949 1327 2044 'ctvlttttttt
1362 1965 1418 2044 IN
1454 1965 1627 2044 lunula
1661 1965 1729 2044 ΕΤ
1765 1959 1949 2044 SICILIA

601 2077 962 2172 CONDITARUM,
986 2077 1277 2158 PRAECIPUE
1299 2077 1771 2159 stttAeusaNolttttu
1852 2141 1856 2146 .

386 2283 388 2290 ·
448 2231 452 2236 ’
476 2244 652 2326 Coloniae,
685 2271 706 2315 a
727 2248 823 2317 variis
846 2248 1003 2338 gentibus.
1020 2248 1177 2320 Graeciae
1195 2249 1233 2318 in
1256 2247 1385 2319 ltaliam
1407 2249 1686 2336 deducire,.cum
1708 2248 1780 2330 din,
1809 2245 1953 2316 maxime
1974 2241 2038 2314 sub

326 2355 449 2404 anum
478 2337 547 2405 500
566 2359 593 2406 a.
611 2335 688 2403 Chr.
710 2335 913 2415 floruissent,
937 2347 1071 2406 centum
1092 2338 1163 2404 lere
1190 2337 1286 2406 annis
1312 2347 1388 2428 post
1415 2339 1532 2429 partim
1560 2338 1880 2428 aSyracusanomm
1902 2355 2039 2426 praepa

323 2425 468 2493 tentibus
491 2425 652 2528 tyrannis,
673 2423 793 2516 partim
816 2424 858 2491 ab
880 2423 1001 2492 Italicis
1024 2425 1192 2515 gentibue,
1221 2425 1416 2515 quibuscum
1438 2436 1632 2518 perpetuum
1656 2423 1779 2492 bellum
1801 2423 1968 2513 gerebant,
1991 2432 2038 2492 st·
2166 2428 2173 2440 '
2261 2405 2262 2418 ¹

322 2512 387 2581 teri
409 2522 443 2581 et
464 2531 574 2582 venen
597 2523 733 2604 coeptae
755 2523 842 2588 sunt
885 2511 973 2582 Nam
995 2535 1070 2580 cnm
1093 2511 1275 2604 Dionysiae
1296 2523 1445 2604 uterque,
1468 2537 1546 2582 mox
1562 2511 1757 2602 Agathocles
1780 2534 1862 2602 opes
1882 2531 1958 2579 suas
1981 2531 2035 2576 au-

323 2621 402 2690 gere
423 2595 564 2678 vellent,
586 2601 770 2692 proximam
794 2600 930 2670 ltaliam.
944 2610 978 2669 ct
1000 2600 1097 2670 urbes
1120 2601 1271 2684 Graecas,
1293 2613 1350 2668 aut
1372 2601 1460 2669 nulla
1483 2611 1540 2668 aut
1562 2601 1689 2668 intirme
1711 2600 1869 2670 societate
1891 2598 2036 2666 interae

248 2767 250 2770 ¹
323 2692 530 2780 conjunctas,
558 2689 605 2755 im
629 2689 720 2756 rimis
741 2687 921 2778 Rhegium,
952 2688 1147 2767 Crotonem,
1177 2687 1317 2771 Locroe,
1352 2691 1495 2778 aggressi
1516 2699 1605 2759 sunt.
1647 2687 1713 2756 Sed
1743 2690 1902 2775 majorem
1926 2685 2036 2769 etiam,

322 2797 421 2868 quam
442 2775 524 2844 bace
545 2713 642 2857 held,
667 2775 885 2846 calamitatem
908 2777 949 2843 iis
972 2777 1149 2846 attulerunt
1175 2777 1356 2846 vicinarum
1382 2779 1530 2865 gentium
1550 2776 1737 2844 Italicarum
1763 2777 1923 2866 impetus,
1946 2795 2037 2865 prae·

238 2951 243 2956 „
288 2899 290 2904 v
322 2863 501 2934 certiores
523 2887 589 2956 quo
612 2868 761 2957 ternpore
783 2865 963 2947 Samnites,
985 2887 1028 2933 err
1049 2865 1217 2934 veteribus
1236 2864 1370 2934 sedibus
1392 2865 1628 2934 descendentes
1636 2912 1653 2946 ,-
1669 2863 1822 2953 regiones
1843 2862 1925 2929 muri
1949 2861 2035 2951 adja-

322 2964 436 3021 centes
467 2971 626 3044 occupare
653 2955 862 3022 conabantur.
907 2955 995 3020 'l'um
1022 2975 1100 3020 vero
1116 2953 1289 3043 ,Campani
1319 2963 1352 3019 et
1374 2951 1498 3020 Lucani
1527 2964 1561 3020 et
1588 2952 1708 3020 Bruttii
1737 2950 1870 3018 Graecis
1900 2949 2035 3016 urbibus

289 3038 549 3127 ¹ittrntirtebartt,
573 3061 611 3107 ae
633 3039 789 3130 perdatior
814 3041 998 3131 pleraeque,
1020 3039 1145 3112 civibus
1167 3041 1285 3131 partim
1309 3038 1492 3129 dissipetis,
1543 3039 1637 3106 artim
1661 3037 1796 3119 occisis,
1824 3043 2034 3126 occupamnt,
2117 3095 2121 3102 ,

321 3131 514 3282 eeteroqpein
537 3126 577 3193 ab
602 3149 664 3194 use
691 3127 822 3218 linguae
846 3129 990 3196 Graecae
1017 3138 1225 3216 nequaquam
1251 3124 1472 3194 abhorrentes.
1577 3125 1788 3192 cStrabonis
1815 3121 1910 3190 rerba
1939 3120 2035 3214 perti·

322 3227 416 3297 neat,
491 3229 561 3302 dgr.
576 3213 678 3287 vte
701 3209 840 3278 Nvoldl
862 3213 1024 3302 (Augusti
1044 3213 1194 3303 Imperat.
1216 3215 1343 3324 aetate)
1367 3205 1447 3288 πλὴν
1460 3207 1630 3296 Τάραιηος,
1645 3205 1710 3276 καὶ
1721 3205 1857 3297 Ῥηγίου,
1879 3198 1936 3274 καὶ
1951 3219 2036 3278 Nere-

322 3297 450 3385 etuas,
472 3299 864 3386 ἐκβεβαρβαρῶσθαι
886 3296 1091 3382 συμβέβτρωυ
1111 3289 1261 3380 ἅπαντα,
1282 3323 1339 3362 και
1361 3291 1402 3362 rol
1423 3293 1484 3382 pta
1501 3293 1685 3375 Aeuaavodre
1710 3291 1768 3364 read
1793 3293 1950 3382 Βρεττίους
1975 3319 2035 3362 κα.

205 3403 219 3472 j
306 3387 437 3476 ⁸r'Itt'ettt,
458 3382 499 3452 ede
519 3383 558 3453 db
577 3380 787 3471 Katasdetovc·
810 3381 868 3456 nai
888 3381 1017 3460 rodente·
1036 3379 1132 3471 λόγῳ,
1154 3378 1190 3452 rb
1218 3381 1246 3451 δ’
1258 3380 1377 3466 ditabit
1395 3382 1583 3471 Ῥωμαίους·
1598 3381 1665 3452 aral
1684 3379 1753 3473 γὰρ
1774 3380 1867 3451 αὐτοὶ
1885 3381 2036 3469 Ῥωμαῖοι

323 3472 511 3564 peydvautv.
556 3475 711 3544 Ceterum
733 3473 851 3544 henim
865 3475 1039 3544 'civitatum
1062 3495 1253 3555 recensum,
1273 3474 1469 3567 praecipue,
1490 3475 1620 3567 quanda
1643 3487 1677 3545 et
1699 3499 1717 3542 a
1740 3475 1858 3566 quibus
1881 3474 2033 3542 conditae

323 3566 402 3644 sint,
421 3564 517 3654 ⁴bisce
536 3563 656 3632 tabulis
680 3563 819 3654 adjicere
841 3564 924 3634 utile
944 3562 1123 3649 videbatur,

271 3745 274 3752 ι
321 3652 388 3750 bue
407 3653 510 3743 gestis
530 3651 647 3723 tradita
668 3653 879 3745 reperiamus.

383 3743 387 3756 '
427 3747 431 3804 ἶ
595 3747 601 3758 ’
1761 3750 1862 3814 err.
1905 3749 2018 3829 Olymp.

254 3877 258 3900 ι
325 3843 472 3934 Cumae,
502 3846 569 3914 anti
615 3845 726 3914 issima
749 3845 950 3934 Graecorum
970 3845 1005 3914 in
1028 3842 1082 3914 Iris
1108 3842 1299 3937 regionibns
1325 3843 1472 3929 colonis,
1506 3843 1718 3912 deducitera

370 3927 579 4004 chalcidensi
602 3959 640 4002 us
663 3933 817 4003 Euboeae
829 3980 1589 4004 ........................
1596 3981 1620 3999 ,.
1643 3981 1652 3998 .
1676 3980 1717 3999 ..
1767 3930 1850 3998 1031

323 4013 407 4091 Inde
429 4023 477 4090 orl
501 4023 590 4092 'nem
611 4021 710 4092 trabit
731 4022 809 4091 Nea
870 4023 909 4106 is,
932 4021 1054 4090 Zancle
1075 4024 1110 4089 in
1132 4020 1255 4090 Sicilia.

221 4151 240 4211 “.
325 4111 373 4180 Ca
399 4046 1228 4195 taermaeaSamnitiusmwm
1251 4153 1717 4178 ...............
1785 4105 1852 4173 170
1918 4105 1994 4186 90,1

322 4130 480 4290 Sybaris,
505 4200 624 4269 civium
638 4199 845 4267 multitudine
857 4197 1004 4288 insignis,
1018 4197 1144 4265 luxuria
1156 4196 1297 4277 infamis,
1319 4196 1359 4262 ab
1373 4195 1511 4264 Achaeis
1521 4195 1650 4262 condita
1667 4206 1718 4265 est
1784 4195 1852 4262 tto
1919 4193 1993 4270 tter

325 4289 436 4376 Quam
457 4289 572 4356 arbem
595 4286 814 4374 Crotoniatae,
837 4288 925 4355 ricto
946 4285 1117 4374 ingentis
1160 4285 1316 4353 aritaram
1341 4284 1502 4360 exercitu,
1530 4284 1717 4352 excidunt.
1785 4283 1876 4350 510
1917 4280 1997 4358 073
2027 4319 2032 4324 -
2080 4339 2083 4342 ,

290 4377 397 4450 -Sed
415 4377 591 4445 restiterunt
613 4375 750 4445 eandem
773 4375 882 4444 coloni
904 4373 1043 4441 iltbenie
1066 4375 1106 4441 de
1129 4373 1206 4456 acti,
1231 4385 1264 4443 et
1286 4371 1452 4467 appellant
1479 4369 1638 4440 terream
1672 4419 1715 4438 ..
1785 4369 1850 4436 111
1917 4366 1996 4445 831

324 4467 356 4533 Α
378 4463 530 4544 Lucanis,
553 4451 772 4534 infestissimis
794 4461 918 4532 vicinis.
945 4461 1074 4530 deletor
1085 4507 1718 4529 ....................
1745 4461 1746 4467 ’
1785 4457 1850 4526 390
1916 4455 1997 4536 97,ss

326 4551 470 4620 Colonia
489 4551 646 4631 Romana,
670 4565 746 4644 post
768 4552 890 4620 bellurn
912 4547 1072 4620 Punicam
1094 4549 1240 4628 secund,
1260 4573 1303 4619 ee
1324 4549 1493 4618 deducitur
1511 4596 1649 4616 .....
1656 4597 1684 4616 ..
1706 4597 1717 4615 .
1786 4544 1850 4614 191

326 4641 455 4712 croton
478 4641 520 4708 ab
541 4639 685 4709 achaeis
704 4641 853 4710 conditur
862 4685 1002 4709 .....
1009 4669 1011 4672 ·
1025 4682 1717 4709 ......................
1784 4634 1853 4703 710
1919 4629 1997 4714 173

369 4717 614 4820 inde‘coloniae
627 4729 831 4798 deducuntur
847 4729 1008 4821 urbesque
1024 4727 1207 4797 conduntur
1217 4727 1327 4812 Laus,
1348 4727 1599 4818 Metapontum,
1619 4723 1715 4792 Posi-

367 4819 473 4887 donio
497 4815 706 4904 (Paestum).
847 4849 870 4862 ··

1147 3585 1352 3658 quemquam
1368 3586 1530 3656 perpauca
1553 3574 1646 3648 eunt,
1677 3587 1763 3656 quae
1784 3563 1835 3634 de.
1850 3583 1963 3632 earum
1985 3583 2034 3630 re
