4566 5476
931 337 1274 448 ...5...¹

1611 489 1615 500 '
1678 492 1777 554 acts.
1818 494 1927 572 Olymp.

238 586 428 676 Sndyotteo
450 583 681 668 (oss-617)
703 579 829 650 bellum
851 601 925 648 cnm
948 577 1086 652 Milesiis
1108 583 1206 672 gerit:
1227 582 1316 674 quod
1339 581 1455 660 acriter
1475 593 1603 674 gestam
1719 591 1724 598 '

238 673 399 778 Alyattes
422 675 492 762 ejus
514 671 559 739 fil.
583 669 779 740 duodecimo
795 689 893 736 anno
921 667 1077 762 deceptus
1107 667 1354 761 a'lbrasybulo
1383 681 1522 761 tyranno
1551 693 1637 742 conr·

238 771 737 922 ..rum-..·.·.÷.2.·.·..;
752 803 931 947 sm...
949 804 1046 948 ou.
1050 806 1347 826 ··········
1360 809 1379 848 ..
1403 808 1435 939 ἢ
1435 808 1637 826 ·······
1637 893 1641 904 ,
1705 757 1765 905 ,“
1839 759 1917 838 ⁴²’²

237 935 321 1005 Cum
345 934 492 1025 cyaxare
513 931 612 1002 Medo
635 870 758 1000 Aelium
786 940 885 1021 gent,
913 929 1041 1000 linrtum
1069 930 1151 1001 illud
1174 932 1307 1026 quidem
1335 932 1416 1002 solis
1438 933 1584 1016 deiectu,
1617 955 1636 1000 a
1847 945 1849 950 '

278 1020 418 1092 'l'halete
440 1019 570 1089 Milesio
592 1018 758 1112 praedicto
787 1065 1184 1088 .............
1183 1055 1187 1060 ·
1207 1069 1637 1090 ..............
1698 1057 1700 1062 ·
1701 1019 1767 1086 597
1839 1021 1916 1102 άόΑ

233 1107 274 1178 Εἰ
298 1110 442 1178 Croesus
463 1107 549 1176 iilius
571 1110 638 1197 jam
661 1114 738 1174 ente
759 1103 850 1196 regni
872 1105 993 1187 socius,
1015 1117 1053 1174 ut
1073 1107 1211 1186 videtur,
1232 1108 1379 1177 succedit
1467 1160 1475 1177 .
1499 1161 1508 1176 .
1531 1160 1540 1177 .
1563 1159 1571 1176 .
1595 1160 1605 1175 .
1628 1159 1638 1177 .
1702 1105 1770 1174 560
1837 1109 1913 1191 55,1

235 1198 376 1266 Graecas
398 1197 433 1264 in
454 1194 554 1263 Asiae
576 1217 632 1262 ora
655 1193 802 1262 civitates
825 1215 941 1268 omnes
963 1193 1027 1260 sibi
1049 1194 1223 1283 vectigales
1246 1195 1332 1278 lacit,
1358 1197 1563 1288 populosque
1584 1219 1636 1264 us·

279 1308 344 1377 que
366 1283 407 1350 ad
421 1283 483 1350 Hal
507 1305 530 1350 u
552 1281 698 1362 iluviurn,
719 1291 848 1372 praeter
863 1278 982 1370 Lycios
998 1291 1032 1350 et
1047 1279 1179 1362 Cilices,
1202 1281 1341 1374 imperio
1355 1284 1520 1373 subjectos
1535 1293 1635 1352 tenet.

234 1371 408 1442 Persarum
431 1306 547 1462 opibus
575 1369 724 1438 invidens
754 1378 789 1436 et
809 1367 986 1471 Astyagem
1014 1367 1156 1450 ulturus,
1184 1392 1260 1436 cum
1281 1367 1368 1459 Cyro
1385 1371 1520 1440 *bellurn
1543 1370 1635 1464 gerit,

278 1457 337 1530 sed
358 1459 394 1527 in
416 1457 581 1531 Pteriaet
601 1457 643 1526 ad
664 1455 786 1529 Sardes
808 1455 956 1526 denotas
977 1455 1071 1527 vivus
1094 1455 1229 1556 eapitur.
1263 1454 1372 1547 Regni
1393 1456 1469 1528 fluis
1499 1507 1635 1527 .....
1700 1456 1770 1526 546
1837 1457 1915 1540 58,3
2011 1460 2014 1478 “

810 1616 843 1686 5.
886 1612 1060 1687 Assrsrr.

233 1739 355 1822 ntum,
378 1761 437 1810 rex
459 1732 637 1820 fabulosus,
660 1761 695 1808 re
741 1759 798 1804 um
819 1735 1000 1828 urbemque
1021 1736 1145 1806 Ninum
1174 1735 1373 1821 condidisse,
1409 1739 1534 1832 primus
1560 1737 1636 1806 alie·

277 1829 329 1896 nis
351 1828 502 1930 qentibus
523 1825 678 1917 subjectis
713 1824 823 1894 stein
846 1823 923 1891 Asia
946 1825 1132 1892 dominatus
1155 1847 1228 1892 esse
1252 1826 1354 1893 lentur
1368 1874 1636 1894 .........
1681 1821 1768 1892 1233

231 1912 331 1983 Asiae
353 1913 526 2006 rmperium
549 1936 608 2005 pcr
630 1914 696 1997 520
718 1935 821 1979 annos
848 1933 954 2004 usque
982 1911 1024 1980 ad
1052 1911 1269 1980 delectionem
1292 1911 1463 1980 Medorum
1491 1913 1636 1981 tenuisse
1667 1921 1671 1930 '

277 2002 429 2092 Assyrios
452 2002 549 2070 tradit
569 2000 690 2074 Herod.
709 1999 732 2084 l,
755 2001 825 2068 95.
1319 2029 1322 2038 ι

230 2089 442 2164 Semiramis,
463 2087 540 2156 Nini
564 2110 647 2156 uror
669 2111 773 2178 aequo
796 2085 955 2166 fabulosa,
980 2097 1055 2178 post
1078 2107 1154 2154 enm
1177 2087 1335 2174 regnavit.

226 2177 380 2265 llinyns,
402 2179 473 2266 ejus
495 2176 592 2256 lilius,
616 2199 634 2242 a
657 2175 770 2267 populi
795 2184 973 2266 conspectu
995 2185 1151 2256 remotus,
1175 2195 1274 2264 quem
1291 2193 1419 2242 morem
1434 2170 1551 2265 reliqui
1567 2173 1636 2246 lcre
1767 2191 1770 2198 '

274 2275 350 2357 post
372 2285 448 2332 oum
470 2284 563 2354 reges
585 2264 688 2333 secuti
712 2263 889 2331 traduntur.

229 2351 284 2422 De
304 2351 479 2507 qostrernis
501 2351 535 2419 in
558 2373 648 2419 sacra
669 2349 904 2452 Hebraeorum·
917 2347 1076 2452 scriptura
1098 2345 1310 2418 nominantur

275 2438 303 2506 Ρ
327 2438 362 2506 ul
617 2460 710 2527 reges
733 2439 964 2530 potentinum,
986 2445 1155 2504 vexatores

273 2524 406 2680 Tiqlatb
429 2524 555 2594 Pilesar
643 2525 759 2593 'Asiae
783 2521 1008 2612 occidentqlis3

255 2615 500 2682 ·Samanassar
617 2612 673 2702 qui
695 2611 876 2680 Samariam
897 2610 987 2703 cepit
1008 2659 1146 2679 .....
1147 2653 1178 2678 ·.
1202 2647 1220 2678 .·
1235 2659 1439 2680 .......
1444 2677 1450 2691 ,
1463 2661 1632 2681 ......
1699 2619 1767 2688 792

231 2695 470 2769 Sanacbaribus
488 2695 692 2783 (Sanherib)
709 2701 765 2789 qui
782 2699 815 2765 in
830 2698 1016 2789 Aegyptum
1034 2721 1138 2788 usque
1156 2709 1306 2790 penetrat
1323 2697 1464 2782 (Herod.
1480 2699 1521 2776 ll,
1536 2701 1630 2787 141).

277 2785 358 2858 Inde
374 2795 407 2853 et
420 2784 657 2885 Hierosolymis
678 2783 829 2875 repulsus
838 2785 1039 2872 domumque
1055 2808 1234 2852 reversuss
1253 2785 1331 2874 filiis
1345 2787 1415 2854 suis
1431 2786 1589 2856 occiditur
1623 2839 1630 2853 .
1699 2795 1764 2862 713

229 2875 307 2962 Quo
329 2884 478 2962 ternpore
497 2869 588 2938 Medr
610 2869 650 2934 ab
673 2869 736 2938 Ass
776 2869 881 2934 'omm
903 2869 1034 2956 regibus
1054 2870 1208 2936 videntur
1230 2870 1400 2936 deiecisse.

231 2957 465 3032 Assarba'ddon
489 2955 521 3024 ei
538 2953 696 3024 succedit·
751 2977 872 3044 egnum
887 2953 971 3022 intra'
985 2953 1068 3022 lines
1084 2953 1290 3044 angustiores
1305 2955 1496 3026 conclusum
1519 2955 1628 3049 paula-

269 3047 331 3118 tim
355 3043 522 3112 minuitur.

225 3133 372 3205 Ultimus
393 3149 452 3199 rex
472 3130 584 3218 Assyr.
606 3127 721 3212 Sarak,
743 3129 802 3221 qui
828 3127 918 3198 idem
944 3128 1071 3196 videtur
1098 3128 1199 3198 inisse
1227 3151 1304 3198 curn
1326 3153 1390 3212 eo,
1420 3153 1534 3220 quem¹
1548 3129 1629 3202 Sor·-

270 3216 501 3310 dompnilum
522 3215 621 3308 vulgo
649 3229 782 3300 vocent,
804 3217 895 3284 Nino
921 3238 940 3284 a
962 3214 1069 3284 Media
1097 3225 1131 3286 et
1159 3213 1334 3286 Chaldaeis
1362 3229 1474 3308 capta,
1512 3233 1629 3290 semct-

268 3310 341 3402 ipse
362 3303 525 3409 comburit
538 3351 1099 3372 ··················
1102 3375 1105 3386 ·
1122 3351 1626 3374 ''''''''''''''
1674 3321 1760 3396 ⁸⁶⁰⁶
1832 3333 1908 3414 4³³3
2045 3271 2049 3280 Ι

775 3394 807 3521 b.
851 3451 1079 3520 Βιιιιιοιιιι.

224 3567 482 3661 Babyloniomm
510 3585 605 3669 reges
626 3561 722 3632 initio
744 3560 886 3653 Assyriis
907 3560 1029 3632 subditi
1051 3563 1153 3632 luisse
1175 3563 1336 3632 dicuntur.

224 3657 443 3736 Nabonassar‚
467 3676 487 3720 a
508 3676 548 3722 cn
564 3673 601 3720 ns
622 3673 724 3740 regno
746 3668 822 3720 scra
843 3649 1087 3720 Nabonassarea
1110 3651 1235 3744 incipit,
1258 3649 1353 3722 Febr.
1374 3649 1418 3720 26
1434 3704 1465 3719 1.
1488 3704 1496 3720 .
1519 3703 1529 3718 .
1553 3705 1561 3722 .
1585 3707 1593 3722 .
1617 3706 1625 3722 .
1692 3665 1756 3731 747
1853 3658 1905 3737 8,1

227 3743 507 3835 Nodopolnrsnr,
529 3675 730 3820 tlhrtdaeur,
752 3738 946 3830 potentioris
968 3739 1059 3827 reg'ui
1082 3749 1195 3808 auctor
1227 3787 1561 3808 ...........
1558 3755 1569 3776 ·
1584 3793 1592 3810 .
1617 3796 1625 3811 ,
1691 3752 1755 3818 095
1855 3817 1857 3822 ,

228 3831 509 3906 weomadum,
531 3830 603 3918 ejus
623 3825 711 3894 iilius
733 3830 853 3918 etjam
875 3837 970 3896 antea
993 3827 1084 3917 regni
1106 3827 1227 3910 socius,
1251 3825 1316 3896 late
1329 3826 1526 3896 dominatur.
1569 3828 1624 3898 Ju-
1689 3841 1755 3907 601

270 3918 368 3986 dacos
386 3914 605 4071 qsrbytoniam
633 3913 772 4004 migrare
800 3914 904 4006 cogit,
938 3914 1053 3984 urbem
1080 3925 1193 4006 anget,
1227 3925 1341 4006 regnat
1368 3938 1426 4008 per
1452 3918 1623 4005 Manuos

271 4027 384 4110 usq-a
429 4028 504 4072 ann·
546 4050 1458 4073 .............................
1688 4015 1759 4082 561,

114 4157 119 4164 .
225 4089 275 4161 lte
353 4093 497 4182 potentia
517 4099 594 4183 post
613 4088 702 4158 illius
724 4102 864 4160 mortem
886 4091 953 4160 cito
974 4090 1140 4159 minuitur.

224 4177 286 4248 Evr
300 4177 472 4247 merodach
485 4203 545 4271 per
558 4177 739 4248 biennium.
761 4177 964 4270 Neriglisaar‚
987 4177 1270 4250 Ncbucadnesaris
1285 4201 1395 4270 gouer,
1418 4177 1620 4262 Nitocridis,

268 4278 307 4336 ut
326 4265 463 4346 videtur,
486 4267 628 4346 maritus,
650 4291 709 4360 per
730 4267 988 4358 quadriennium.

220 4347 228 4358 ,
346 4346 352 4354 .

260 4355 429 4424 odonidus
450 4351 658 4442 (Labynetus
681 4378 733 4447 ap.
751 4355 872 4424 Herod.
887 4354 1062 4424 Nitocridis
1085 4354 1193 4456 iilius)
1216 4353 1352 4426 ultimus
1374 4305 1490 4442 regum
1502 4348 1618 4442 Babyl.

267 4441 397 4534 ⁸⁰5¹⁰
419 4440 534 4522 nctus,
555 4437 704 4530 Babylon
725 4443 876 4535 capitur.
900 4491 908 4509 .
932 4491 940 4510 .
965 4493 989 4530 ·.
997 4488 1616 4512 ,,,,,,,,,,,,,,,,,,,,
1662 4513 1665 4518 Δ
1683 4451 1750 4520 538
1821 4451 1898 4538 ⁶0,3
2011 4433 2016 4440 -
2078 4445 2085 4452 .

735 4591 737 4596 ’
821 4593 853 4660 7.
897 4589 1015 4660 Msnr.

221 4703 391 4774 Medorum
414 4721 474 4768 sex
494 4695 599 4766 tribua
620 4695 716 4768 initio
738 4701 878 4792 Assyriis
899 4702 1053 4772 serviunt.

80 4843 86 4851 ·
222 4793 272 4862 Ab
294 4787 436 4882 Assyriis
458 4786 624 4870 deficiunt,
648 4784 807 4880 liberique
827 4813 865 4860 ac
886 4789 938 4859 sui
959 4791 1038 4880 juris
1062 4800 1162 4882 agunt
1185 4841 1193 4856 .
1216 4838 1225 4854 .
1249 4835 1258 4852 .
1281 4834 1291 4882 t
1314 4833 1614 4855 ..........
1681 4790 1746 4857 713
