4566 5476
914 323 1420 420 -1·1---

270 570 428 652 Xanthus,
451 567 586 638 ultimus
607 559 796 642 Thebarum
818 588 888 651 rex,
910 591 928 636 a
950 566 1119 640 Melantho
1140 591 1218 658 rege
1239 561 1317 638 Au.
1339 567 1497 640 occiditur
1525 617 1665 642 .....
1674 607 1698 642 v.
1722 553 1763 644 ζ.
1808 488 1948 652 aggya.
2098 563 2104 574 '

249 703 280 772 n
314 701 465 770 Danaus
487 701 535 770 Ae
558 701 667 792 yptins
695 725 713 769 e
736 699 886 768 Chemmi
908 699 1012 790 Argos
1043 701 1172 770 venisse
1203 723 1279 769 cum
1301 701 1346 771 50
1367 699 1496 784 filiabus
1524 711 1558 771 et
1583 725 1722 794 regnum
1745 731 1762 774 a

281 859 284 864 ,
313 789 475 858 Gelanore
498 725 628 857 volente
651 788 816 880 accepisse
840 788 950 868 lertar,
974 811 1038 857 see
1050 785 1169 858 Euseb.
1194 797 1280 887 anno
1304 799 1379 894 ante
1396 789 1528 886 'frojam
1553 805 1681 886 captam
1698 795 1760 864 291
1832 799 1918 869 1475

268 875 456 950 Succedunt
477 875 508 943 ei
532 875 697 966 Lynceus,
720 901 820 979 gener
840 901 899 968 per
921 875 1221 970 Hypermnestram,
1246 887 1280 945 et
1301 875 1397 968 hayus
1421 879 1444 950 f.
1467 879 1574 950 Ahas.

268 963 404 1032 Abantis
425 963 486 1030 tilii
509 965 630 1052 gemini
652 963 807 1032 Acrisius
830 976 863 1032 et
887 961 1032 1031 Proetus
1054 987 1128 1032 cum
1152 965 1240 1033 bello
1263 975 1458 1048 certassent,
1480 965 1618 1036 Proetus
1641 971 1764 1058 ejectus

311 1052 352 1120 ad
377 1051 510 1118 lobeton
530 1051 703 1141 Lyciaere
726 1076 780 1120 em
794 1050 888 1142 fugit,
912 1055 981 1142 ejus
997 1051 1099 1119 filiam
1114 1049 1358 1122 Stheneboeam
1375 1078 1511 1124 uxorem
1535 1055 1636 1140 duxit,
1662 1067 1694 1124 et
1717 1081 1763 1126 re·

311 1161 424 1208 versus
446 1135 640 1229 Tirynthcnr
663 1075 777 1208 nahem
801 1149 900 1207 tenet
1089 1146 1094 1153 '

268 1225 384 1296 Acrisii
407 1248 510 1332 nepos
534 1251 575 1292 ex
597 1227 661 1293 filia
684 1226 799 1296 Danae
825 1227 980 1306 Perseus,
1002 1249 1077 1295 eum
1100 1247 1196 1296 asum
1218 1227 1380 1297 Acrisium
1414 1229 1535 1298 invitus
1558 1227 1707 1300 Larissae
1729 1233 1764 1300 in

311 1314 481 1381 'Phessaha
505 1314 586 1381 disci
608 1318 694 1405 jactu
717 1315 943 1396 interfecisset,
966 1315 1147 1384 mutatione
1178 1317 1262 1384 laeta
1293 1339 1367 1384 cum
1389 1315 1625 1410 Megapenthe,
1655 1318 1766 1387 Proeti
1883 1381 1888 1392 ,

311 1400 390 1484 filio,
415 1400 461 1468 illi
484 1403 587 1490 Argos
611 1403 771 1484 concedit,
794 1403 865 1496 ipse
887 1403 1081 1492 'l'irynthem
1107 1415 1212 1483 tenet,
1235 1403 1379 1471 Mideam
1401 1404 1621 1496 Myconosque
1645 1407 1765 1476 condit.
1897 1463 1901 1475 .
1991 1415 2002 1426 '
2138 1413 2142 1420 '

233 1543 248 1552 a
267 1488 379 1558 Persei
402 1490 541 1558 hliomm
566 1489 646 1568 alter
665 1489 817 1560 Alcaeus
837 1490 1015 1580 Tirynthe,
1044 1490 1126 1562 alter
1147 1489 1328 1562 Sthenelus
1349 1491 1497 1583 Mycenis
1519 1506 1673 1583 regnant,
1703 1506 1767 1564 ter·

311 1577 377 1643 tius
397 1578 585 1668 Electryon
608 1577 747 1647 Mideae.

244 1667 245 1672 ’
268 1661 352 1730 Cum
368 1665 509 1733 Alcaeus
531 1662 620 1756 prior
642 1677 789 1733 mortuus
813 1675 909 1744 esset,
932 1663 1109 1734 Sthenelus
1132 1665 1239 1735 fratris
1254 1665 1357 1733 filium
1371 1663 1649 1756 Anrphitryouem
1664 1691 1765 1760 regno
1840 1737 1843 1744 ,
1869 1757 1873 1760 ,

299 1754 457 1907 ἣἱκρεΙΑΙῑῐῐ,
480 1752 634 1905 h‘lypeyy'pls
658 1751 906 1906 etm'lipynyhtem
933 1752 1004 1844 ipse
1032 1764 1140 1837 tenet,
1169 1751 1312 1822 Mideam
1339 1755 1451 1822 uxoris
1479 1753 1636 1847 Nicippes
1664 1755 1765 1824 fratri-

337 1862 375 1908 us
442 1859 537 1906 rene
650 1861 684 1906 es
719 1863 738 1906 e
774 1862 840 1904 rar

267 1921 496 2031 Amphitryoni
518 1865 648 2012 'theb-ii
666 1947 707 1993 ex
729 1927 899 2009 Alcmena,
921 1925 1128 2030 Electryonis
1150 1928 1183 2032 1,
1205 1927 1350 1996 nascitur
1371 1927 1540 1998 Hercules
1559 1979 1764 2000 .......
1834 1927 1921 2002 1260

266 2011 1339 2257 SeEZEriiiitliiriiihinthyihheHylslhileHiihHilsolilieiieivitum
1360 2123 1499 2206 regnunt
1521 2103 1692 2196 repetente
1715 2127 1765 2173 oe.
1803 2125 1808 2132 ·
1833 2111 1920 2264 '12⁰6

266 2201 521 2370 stillat
541 2239 615 2368 nt
638 2239 810 2345 inan·
825 2237 1040 2346 nnn,
1057 2240 1137 2382 tn·
1155 2240 1501 2368 montana
1524 2241 1765 2370 tantun
1840 2275 1843 2282 ·

361 2389 382 2433 o
404 2366 490 2434 lacto
508 2364 711 2447 Heraclidae,
733 2364 874 2432 induciis
898 2365 1000 2445 lactis,
1024 2378 1111 2458 paen
1127 2366 1278 2434 dicuntur
1300 2365 1386 2434 intre
1410 2366 1475 2435 100
1498 2387 1602 2435 annos
1623 2390 1698 2435 sese
1719 2391 1766 2436 re·
2114 2455 2118 2460 .

310 2391 430 2521 lliutn
446 2452 710 2544 Peloponnesum
733 2453 907 2521 destitutos
930 2502 1304 2524 ............
1306 2485 1313 2497 =
1329 2503 1818 2524 ................
1834 2457 1921 2530 1204
2031 2539 2033 2543 ι

267 2540 395 2609 Interea
424 2537 520 2628 Argis
550 2550 626 2629 post
651 2541 705 2607 Me
729 2539 903 2632 epenthem
930 2551 1046 2630 regnat
1073 2543 1292 2629 Anaxagoras.
1341 2541 1373 2608 Is
1400 2552 1527 2632 partem
1555 2542 1765 2610 Aeoleusinm
2097 2593 2106 2600 -

313 2651 388 2696 cum
410 2625 515 2694 Neleo
539 2651 558 2694 e
580 2565 751 2693 'thessalia
775 2629 995 2718 protectorum
1018 2627 1052 2693 in
1077 2629 1260 2710 civitatem,
1291 2650 1471 2719 eorumque
1494 2629 1594 2698 duces
1614 2629 1767 2699 Biantem

315 2725 349 2778 et
371 2706 623 2800 Melanrpodem,
648 2713 805 2780 MiosAm
832 2714 970 2795 thaonis,
993 2715 1029 2781 in
1051 2718 1142 2802 regni
1166 2716 1408 2784 consortionem
1431 2717 1565 2806 recepit.

269 2796 402 2868 Biantis
419 2821 459 2866 cx
482 2801 578 2874 Pero,
600 2798 696 2864 Nelei
718 2800 753 2879 1.,
782 2739 914 2865 lElaus
935 2801 1038 2878 filius,
1067 2801 1160 2866 'l'alai
1182 2803 1371 2876 Adrastus,
1399 2802 1677 2894 Parthenopaeus,
1699 2803 1767 2872 Me

313 2887 445 2968 cisteus,
466 2883 624 2976 Eriphyle
646 2889 749 2968 (uxor
771 2884 971 2975 Amphiarai,
995 2885 1052 2976 qni
1075 2885 1137 2953 luit
1156 2907 1321 2980 pronepos
1338 2885 1566 2981 Melampodis,
1588 2889 1651 2956 sid·
1666 2889 1765 2959 llom'.

141 3023 144 3028 .
311 2971 429 3061 Odyss.
455 2974 507 3054 15,
534 2973 631 3052 utu).

266 3057 425 3132 Adrastus
439 3057 523 3124 filias
539 3057 671 3146 Argiam
686 3056 849 3148 Polynici,
870 3055 937 3128 Dei
960 3056 1036 3148 ylen
1051 3057 1177 3151 Tydeo,
1192 3061 1298 3130 Oenei
1317 3059 1397 3144 lilio,
1419 3072 1559 3154 nuptum
1575 3062 1641 3130 dat.
1679 3061 1765 3132 Cum

255 3155 263 3164 “
311 3143 398 3214 lilius
422 3146 594 3234 Aegialeus
617 3148 652 3211 in
676 3145 764 3213 hello
787 3145 891 3213 Theb.
915 3083 1016 3213 allero
1040 3148 1260 3231 occubuisset,

268 3233 465 3314 Diomedes,
488 3231 594 3324 'tydei
616 3231 714 3314 filius,
737 3233 832 3300 ducta
854 3235 888 3301 in
911 3233 1155 3304 matrimonium
1174 3235 1341 3328 Aegialeo,
1362 3233 1510 3327 Aegialei
1532 3235 1610 3322 lilia,
1634 3237 1764 3332 Argivis

311 3321 347 3390 in
370 3320 458 3391 bello
480 3319 624 3413 'lhojano
646 3331 784 3412 praeest
1903 3329 1909 3340 '

247 3454 279 3524 3.
312 3451 444 3545 Pelops
465 3475 507 3521 ex
529 3449 607 3520 Asia
629 3450 922 3605 (Sll'Kl0l.Pl⁸⁸¹¹¹
943 3453 1034 3523 venit
1055 3455 1098 3526 ad
1111 3453 1335 3540 Oenomaum,
1359 3457 1451 3547 eujus
1475 3454 1577 3524 filiam
1598 3454 1764 3549 Hippoda-
1810 3456 1813 3464 '

311 3542 414 3610 aniam
436 3565 532 3608 curru
554 3540 687 3624 (frande
731 3539 855 3631 lyr-nli)
877 3542 996 3612 victam
1014 3543 1052 3612 in
1079 3545 1324 3614 matrimonium
1345 3543 1450 3628 ducit,
1480 3555 1514 3613 et
1535 3567 1670 3635 regnare
1692 3567 1763 3614 coe-

312 3629 418 3722 pitin
440 3627 671 3720 Peloponneso
694 3627 734 3694 ab
759 3651 799 3695 eo
823 3629 907 3696 dicta
932 3679 1337 3702 .............
1336 3663 1342 3672 ·
1360 3679 1764 3705 .............
1877 3669 1886 3692 ι

270 3715 349 3808 Ejus
376 3715 519 3786 liliorum
543 3714 702 3784 Pittheus
723 3715 893 3785 Troezene
914 3729 1039 3808 regnat,
1065 3717 1189 3788 Atreus
1211 3731 1245 3788 et
1271 3717 1433 3810 Thyestes
1459 3720 1601 3813 primurn
1622 3719 1762 3804 Mideae,

209 3853 211 3856 -
314 3805 431 3874 deinde
452 3804 487 3871 in
498 3801 672 3892 Eurysthei
695 3826 831 3892 regnum
848 3803 1060 3896 Mycenanun
1081 3806 1248 3876 affinitatis
1269 3803 1341 3898 juce
1361 3809 1460 3894 (cum
1476 3806 1626 3901 Nicippe,
1651 3831 1765 3879 sonam

315 3914 415 3972 soror,
438 3891 612 3984 Eurysthei
636 3902 739 3958 mater
762 3897 869 3978 esset)
892 3893 1080 3962 succedunt

273 3974 362 4046 Atrei
384 4003 426 4048 ex
447 3986 575 4072 Aerope
598 3978 729 4062 (Catrei
752 3977 775 4045 f.
799 3977 919 4048 Minois
941 3984 1060 4138 nepye)
1089 3979 1149 4050 filii
1172 3981 1343 4068 (nonnulli
1370 3951 1507 4077 nepotes
1529 3983 1642 4051 dicunt
1662 3963 1764 4052 luisse

178 4095 189 4110 ·
318 4074 351 4134 et
361 4065 536 4136 Plisthenis
552 4067 664 4150 Alios)
679 4067 912 4154 Agamemnon
934 4081 967 4136 et
1021 4069 1161 4138 melane
1174 4074 1332 4164 majorem
1345 4071 1564 4166 Peloponnesi
1600 4081 1701 4138 artem
1718 4082 1762 4138 te·
1823 4113 1827 4118 -
1871 4155 1875 4160 ι

220 4189 224 4196 ·
316 4161 409 4230 nent,
424 4155 685 4246 qnandoquidem
704 4153 872 4224 Menelaus
884 4155 1021 4248 Spartae
1033 4167 1156 4247 regnat,
1168 4157 1332 4249 Tyndarei
1343 4162 1429 4252 regis
1440 4161 1508 4228 filia
1520 4095 1644 4227 Heli-na
1657 4157 1762 4226 Aaou.

231 4323 237 4332 ¹
271 4241 508 4333 Agamemnon,
521 4241 628 4334 ‘''l'roja
651 4253 744 4348 cepta
766 4266 930 4397 reversps3
960 4243 1037 4313 dolo
1057 4245 1215 4337 Aegisthi
1238 4249 1410 4340 patruelis,
1437 4247 1602 4338 'lhyestae
1623 4243 1699 4326 filii,
1728 4255 1763 4312 et

271 4329 1106 4516 etttsntnn‘’stzstttnsnnn
1121 4385 1338 4504 sama:
1356 4382 1475 4519 nn
1490 4379 1672 4502 tent,
1685 4380 1761 4488 ut
1829 4338 1915 4414 ¹¹⁸³

315 4515 400 4588 etus,
424 4514 539 4573 octavo
562 4527 648 4571 anuo
669 4517 745 4610 post
770 4553 1761 4581 ...............................
1829 4517 1915 4585 1176

272 4605 306 4663 et
326 4592 516 4670 Hermione,
546 4591 686 4660 Menelai
710 4604 743 4662 et
764 4594 912 4665 Helenae
933 4597 973 4679 1.,
1000 4598 1096 4668 ducta
1124 4600 1165 4667 ad
1194 4611 1364 4690 paternum
1391 4615 1528 4684 regnum
1551 4591 1762 4690 Mycenarum

317 4681 463 4771 adjungit
484 4679 684 4749 Laconicum
708 4693 741 4748 et
757 4685 921 4772 Argiuum,
944 4687 977 4754 di
1023 4707 1066 4754 ue
1086 4685 1223 4754 feliciter
1244 4694 1358 4772 regnat
1378 4705 1483 4776 neque
1505 4681 1588 4754 ada
1591 4733 1729 4754 .....
1729 4703 1743 4728 2
1753 4734 1761 4750 .
1829 4691 1915 4761 uuo

268 4739 349 4861 Ejus
371 4767 515 4838 utinen
536 4791 705 4839 successor
732 4769 929 4840 Tisamenus
951 4775 992 4842 ab
1046 4773 1194 4844 erachdis
1215 4771 1329 4872 padam
1361 4819 1501 4841 .....
1501 4859 1523 4927 2
1524 4820 1553 4889 3
1557 4820 1764 4842 .......
1831 4779 1916 4846 1101
1949 4879 1954 4888 Ι
