4566 5476
996 321 1386 420 v-sr-
1467 361 1484 422 ·.

364 477 365 482 ¹
1334 485 1339 498 ‘
1688 509 1691 528 ι
1803 483 2060 570 OEMQQ

366 567 395 636 S
437 565 571 643 diamur,
594 563 713 634 nothus
727 562 917 634 Artaxerxis
938 561 1037 646 lilius,
1060 564 1187 658 etipse
1202 565 1349 638 deiectus
1366 565 1407 636 ah
1427 565 1562 641 00Ηο
1576 572 1683 657 fratre,
1706 575 1764 666 qui
1824 647 1830 656 ,

452 653 622 723 AREUS
640 651 689 722 II
707 663 763 720 aut
784 651 920 720 Noetu
939 664 1083 720 vocatur.
1107 655 1194 737 (434
1218 679 1268 724 ex.
1290 667 1347 724 aut
1368 649 1575 746 tut-404)
1590 710 1761 729 ......
1819 663 1885 733 423
1970 665 2046 749 89,1

366 741 547 896 depellant·
560 741 708 834 plerique
731 753 888 832 satrapae,
912 739 1011 810 etiam
1033 740 1132 824 Medi,
1155 743 1214 812 sed
1237 743 1441 834 subiguntur,
1464 761 1599 840 excepta
1622 751 1763 841 quadam

441 841 672 922 mmmm

160 935 168 952 ·
259 947 262 952 ·
364 920 453 987 luter
476 917 558 984 hella
583 916 830 985 Atheniensium
855 926 889 984 et
911 913 1245 986 Lacedaemoniorum
1268 929 1417 1011 satrapae
1438 919 1518 1012 regii
1547 901 1682 990 in'Asia
1705 907 1761 992 nii·
1903 985 1906 998 ,

408 1029 487 1110 nore
510 1006 679 1108 pristinam
701 1013 1129 1108 potestatemrecuperant,
1160 1006 1238 1074 dum
1261 1007 1360 1074 modu
1382 1006 1460 1090 hos,
1488 1011 1587 1078 modo
1610 1009 1684 1080 illos
1706 1035 1760 1102 pe-

359 1091 1141 1266 'scrutatuliturarum·
1166 1141 1273 1248 ::::
1296 1143 1338 1248 1:
1361 1143 1370 1248 :
1393 1143 1402 1249 :
1426 1144 1468 1248 1·
1491 1144 1760 1249 ·········
1819 1099 1885 1257 tt
1969 1104 2048 1258 31

364 1270 474 1360 Cyrus
496 1293 582 1421 armlp
603 1268 825 1423 {ill-⁰⁰¹¹'m
849 1289 969 1420 rpggn,
999 1267 1102 1356 ipsius
1123 1266 1271 1372 fratrem,
1304 1268 1363 1340 sed
1384 1231 1564 1354 occiditur,
1578 1235 1704 1365 proelio
1719 1235 1761 1341 id
1806 1283 1809 1288 '
1992 1232 2022 1273 ι’

364 1357 1885 1544 3131113133ῗὸ11)3313133111111111·.·.·.·;.··;ῑῑ13
1968 1365 2048 1534 311

364 1531 485 1600 Contra
509 1530 780 1600 Pharnabazum
802 1539 837 1596 et
864 1527 1144 1633 Tissaphernem,
1166 1531 1273 1682 regios
1295 1541 1455 1688 satrapas,
1485 1531 1609 1602 bellurn
1638 1558 1697 1625 pro
1725 1534 1761 1601 li·

407 1621 532 1723 hertflate
556 1619 753 1690 Graecorum
777 1615 1027 1684 Lacedaemona
1049 1626 1177 1706 gerunt,
1223 1616 1381 1688 ucrbus'l
1406 1618 1562 1703 umbrone,
1587 1643 1665 1690 mox
1680 1621 1761 1690 Der·

324 1785 327 1790 ¹
365 1706 655 1886 lsceyllliaiesilaus,
677 1817 735 1862 rex
757 1791 961 1873 Lacedaem„
984 1790 1020 1858 in
1042 1786 1155 1860 Asiam
1176 1793 1299 1884 trajicit
1329 1843 1467 1862 .....
1477 1807 1500 1862 “.
1523 1845 1531 1862 .
1556 1847 1564 1864 .
1686 1847 1694 1864 .
1719 1846 1759 1864 ..
1818 1798 1883 1867 396
1968 1803 2043 1880 961

345 1951 347 1954 .
392 1895 529 1974 agantur
550 1881 670 1950 Persae
692 1883 725 1948 in
748 1880 872 1971 proelio
897 1879 937 1946 ad
959 1878 1131 1948 Pactolum
1153 1879 1305 1964 lluvium,
1334 1881 1376 1950 oh
1401 1906 1538 1974 eamque
1561 1909 1630 1953 rem
1652 1886 1760 1954 'lissa-

403 1971 548 2064 phcrnes
570 1971 655 2074 regis
676 1972 768 2073 jussu
790 1977 923 2036 necatur
940 2011 1499 2036 ··················
1522 1985 1523 1988 ’
1524 2019 1759 2038 ........
1817 1975 1882 2042 395
1968 1975 2045 2074 963

364 2061 478 2148 Legati
503 2056 624 2126 Persrcr
647 2057 816 2123 Graeciam
840 2064 1012 2146 peragrant
1034 2053 1075 2118 ad
1104 2052 1225 2122 bellurn
1254 2065 1365 2122 contra
1389 2055 1664 2126 Lacedaemonios
1692 2082 1759 2126 rno-

409 2146 568 2214 vendunt}
592 2143 761 2232 Agesilaus
784 2151 976 2210 revocatur·
1000 2189 1008 2206 ·
1032 2189 1040 2206 ο
1063 2189 1073 2206 ·
1098 2161 1114 2206 f
1131 2188 1757 2213 ····················
1817 2149 1881 2215 394
1943 2150 1947 2160 β
1967 2153 2044 2232 96,3

214 2221 219 2228 ’
366 2233 482 2301 Conon
494 2229 713 2304 Atheniensis,
728 2229 820 2296 classi
835 2227 985 2294 Persicae
1002 2227 1195 2318 praelectus,
1210 2227 1402 2297 Pisandrum
1415 2231 1605 2300 Lacedacm.
1617 2234 1759 2304 devincit
1817 2237 1882 2304 394
1966 2241 2043 2318 963

364 2321 451 2390 Pace
468 2317 678 2390 Autalcidea
701 2316 783 2383 lacta
806 2314 925 2382 Persae
947 2315 1120 2402 imperium
1145 2339 1220 2382 orae
1243 2307 1423 2386 maritimae
1448 2320 1626 2410 recipiunt.
1647 2371 1660 2396 ,.
1684 2370 1692 2386 .
1717 2370 1757 2387 ..
1815 2323 1880 2391 337
1965 2327 2043 2408 933

199 2419 203 2427 “
292 2479 294 2484 ,
363 2410 557 2499 Euagoram,
580 2427 690 2494 regem
714 2403 881 2494 Cyprium,
904 2402 1025 2468 uictum
1047 2403 1080 2466 in
1103 2413 1298 2493 potestatem
1320 2406 1496 2491 redigunt.
1519 2453 1755 2474 ........
1816 2411 1880 2479 376
1949 2417 2041 2495 tout

122 2490 130 2502 '
201 2534 230 2596 ¹-
307 2551 310 2557 .
365 2497 431 2565 Sed
454 2496 542 2562 irrita
565 2491 729 2581 expeditio
752 2490 847 2572 cadit,
870 2511 967 2580 quarn
992 2489 1150 2579 adjunctis
1173 2491 1380 2559 mercenariis
1395 2493 1527 2562 Graecis
1550 2506 1584 2563 et
1598 2492 1757 2586 Iphicrate

409 2585 501 2664 duce,
525 2582 560 2650 in
582 2583 767 2669 Aegyptum
790 2577 942 2646 adversus
964 2575 1177 2645 Nectanabim
1206 2579 1388 2671 suscipiunt
1424 2630 1757 2650 ...........
1816 2585 1881 2654 372
1946 2589 2040 2666 1021

364 2673 502 2743 Moritur
525 2676 718 2737 Artaxerxes
741 2673 816 2758 po‘st
838 2687 973 2753 regnum
998 2665 1039 2732 13
1063 2688 1220 2732 annorum
1260 2715 1464 2736 .......
1468 2699 1474 2716 ·
1487 2719 1759 2737 .........
1815 2671 1881 2742 363
1946 2677 2043 2768 1033

364 2759 519 2830 Succedit
544 2755 667 2828 Ochus,
689 2756 935 2844 'cognominatus
957 2751 1384 2836 ARTAXERXESIII,
1409 2756 1558 2828 crudelis.

231 2913 235 2928 ,
364 2848 557 2928 Phoenices,
580 2843 621 2910 ab
642 2841 734 2932 Aegy
760 2843 881 2910 tiorum
899 2861 976 2928 rege
1001 2839 1186 2908 Nectancbo
1211 2843 1321 2931 achartii,
1345 2844 1514 2928 rebellant,
1538 2845 1596 2914 sed
1619 2845 1759 2925 Sidonii,

408 2937 448 3002 ah
468 2937 615 3026 ipsorum
638 2953 714 3019 rege
746 2932 852 2998 leons
876 2938 910 2994 et
931 2927 1080 2994 ll'leutore
1102 2929 1486 3022 duccmercenariorum
1513 2935 1649 3023 proditi,
1677 2934 1758 3001 urbe
2011 2991 2016 2998 .

407 3023 540 3090 incensa
564 3018 882 3086 semct‘interimunt
897 3061 1692 3084 .........................
1815 3021 1877 3086 351
1944 3021 2041 3102 1073

364 3109 477 3178 Ochus
500 3105 638 3174 collecto
661 3105 693 3170 in
718 3105 783 3170 enti
808 3101 953 3196 exercitu
975 3109 1009 3167 et
1032 3100 1160 3167 auxiliis
1177 3100 1367 3188 Argivorum
1385 3102 1682 3191 Thebauorumque
1697 3103 1757 3168 Ae·

303 3223 307 3230 ,
408 3195 538 3286 gyptios
560 3193 680 3270 domat,
736 3189 891 3256 ectaneho
915 3188 947 3251 in
970 3185 1176 3277 Aethiopiam
1200 3188 1345 3275 fugiente
1388 3236 1755 3255 ............
1815 3189 1879 3258 350
1941 3191 2040 3274 107,3

364 3283 504 3362 Mentor,
521 3281 624 3348 Asiae
664 3277 833 3356 rusticolus,
858 3286 891 3342 et
903 3273 1030 3362 Bagoas
1047 3273 1213 3340 eunuchus
1229 3274 1404 3362 plurimum
1421 3275 1505 3364 regis
1520 3275 1621 3364 gratia
1637 3275 1755 3343 valent.

365 3373 587 3444 Artaxerxes
610 3302 764 3448 (debus)
787 3363 886 3429 durus
910 3383 983 3450 erga
1007 3383 1095 3439 suos,
1121 3383 1140 3426 a
1164 3359 1270 3448 Bagou
1294 3385 1421 3429 veneno
1443 3374 1577 3430 necatur
1617 3412 1755 3429 .....
1814 3364 1879 3432 333

368 3461 482 3533 Arses,
502 3455 591 3522 illius
614 3453 647 3532 l'.,
671 3475 729 3519 rex
751 3451 866 3528 lactus,
890 3449 947 3516 sed
971 3471 1048 3516 mox
1071 3448 1110 3516 ah
1134 3449 1250 3516 eodem
1272 3447 1380 3538 Bagou
1403 3450 1529 3517 tollitur
1552 3498 1755 3516 .......
1814 3453 1879 3520 336

223 3602 246 3622 .,
364 3539 575 3615 DAREUS
594 3561 742 3629 cognom.
768 3538 996 3613 Codanraaus,
1025 3559 1109 3603 unus
1132 3535 1263 3604 relictus
1287 3561 1326 3604 ex
1346 3552 1453 3626 gente
1482 3538 1586 3628 regia,
1617 3561 1675 3629 per
1698 3536 1757 3604 Ba-

335 3672 337 3678 r
375 3651 376 3656 ’
409 3655 504 3722 goom
528 3653 586 3696 rex
609 3629 721 3706 lactus,
745 3626 885 3693 eundem
907 3623 969 3691 sibi
992 3622 1199 3692 insidiantem
1222 3623 1480 3715 interlicijuhet.

344 3719 564 3808 Philippus,
586 3714 802 3781 Macedonum
824 3735 899 3792 rex,
922 3735 950 3777 a.
966 3713 1031 3779 338
1055 3712 1095 3778 ad
1119 3711 1354 3806 Chaeroneam
1381 3715 1501 3796 victor,
1529 3711 1676 3780 Corinthi
1701 3713 1755 3780 du·
1793 3779 1798 3788 ,

410 3831 482 3876 cem
505 3803 583 3872 belli
605 3813 715 3870 contra
742 3799 855 3870 Persas
878 3823 914 3868 sc
938 3799 1132 3892 profitetur.
1157 3849 1165 3866 .
1190 3849 1198 3867 .
1221 3849 1231 3866 .
1255 3827 1295 3869 .·.
1319 3849 1755 3868 ..............
1813 3801 1878 3870 337
1943 3807 2041 3886 1164

350 3895 474 3966 Attalo
497 3903 531 3960 et
551 3889 952 3959 ParmenioneinAsiam
974 3886 1171 3979 praemissis,
1194 3887 1265 3980 ipse
1283 3887 1496 3981 (Philippus)
1519 3887 1607 3956 domi
1623 3900 1757 3955 necatur
1814 3889 1878 3957 336
1941 3885 2036 3976 ‘111‚t

364 3983 451 4053 Belli
472 3978 604 4071 gerendi
628 3977 800 4046 consilium
823 3976 959 4066 suscipit
979 3975 1194 4054 Alexander,
1217 3981 1287 4068 ejus
1308 3975 1412 4056 tilius,
1435 3978 1470 4062 in
1492 3976 1603 4064 Asiam
1625 3977 1755 4064 trajicit,

286 4091 291 4103 ⁴
392 4081 552 4161 satmpas
567 4066 693 4147 Pers'as,
716 4065 901 4142 hlemnonis
918 4062 1037 4132 Rhodii
1058 4063 1232 4130 consilium
1253 4086 1321 4132 nou
1342 4076 1482 4146 secutos,
1507 4064 1546 4130 ad
1571 4061 1756 4146 Granicum

255 4208 259 4214 .
410 4180 539 4227 amnem
561 4153 662 4227 vincit
674 4200 843 4219 ......
855 4201 876 4217 ¹·
901 4201 910 4218 ·
933 4199 942 4218 .
965 4201 998 4218 ·.
999 4198 1133 4219 ·····
1143 4181 1148 4192 ’
1157 4199 1363 4219 ·······
1386 4213 1387 4216 ,
1388 4197 1754 4219 ............
1812 4151 1878 4218 331
1943 4158 2036 4236 111,3

271 4265 294 4300 -’
366 4245 442 4341 lpse
464 4243 607 4311 Dareus
621 4239 758 4308 Codom.
782 4239 822 4306 ad
844 4239 958 4306 urbem
979 4237 1090 4306 Issum
1111 4238 1146 4304 in
1169 4236 1304 4308 Ciliciae
1326 4262 1365 4306 ac
1380 4237 1494 4334 Syriae
1517 4239 1666 4306 confiniis
1687 4239 1755 4308 vin-

410 4335 493 4402 citur
515 4332 555 4398 ah
580 4327 765 4406 alexandro
801 4369 1753 4395 ······························
1812 4327 1876 4397 333
1942 4331 2037 4414 illst

367 4419 567 4500 Alexander,
590 4416 679 4508 'Pyro
701 4423 946 4504 expugnata-et
967 4417 1116 4503 Aegypto
1144 4413 1239 4482 facile
1267 4413 1405 4505 potitus,
1442 4413 1532 4504 'ligri
1555 4415 1753 4498 transmisso,

411 4508 556 4575 Dareum
580 4505 619 4570 ad
644 4502 860 4592 Gaugamela
880 4501 997 4569 iterum
1020 4503 1054 4566 in
1077 4501 1186 4590 lugam
1209 4503 1306 4570 vertit
1319 4548 1459 4568 .....
1470 4576 1480 4590 ,
1482 4550 1753 4571 .........
1811 4503 1874 4570 331
1939 4506 2036 4585 1122

368 4599 478 4691 lpsam
498 4593 666 4661 Persidem
687 4592 826 4659 victores
844 4589 1036 4658 llacedones
1058 4588 1296 4676 ingrediuntur,
1325 4588 1467 4692 Dareus
1495 4589 1609 4658 Baetra
1638 4600 1754 4680 petens

413 4697 503 4754 haus
524 4691 634 4773 portas
657 4678 829 4771 Cuspiasssa
851 4675 1107 4746 suis‘occtditar
1130 4725 1753 4745 ,,,,,,,,,,,,,,,,,,,,
1811 4676 1876 4745 330
1939 4680 2035 4766 1123
2127 4707 2134 4714 .
2255 4683 2256 4698 1

501 4811 507 4824 ’
997 4796 1001 4813 “
1395 4787 1400 4796 ’
1958 4813 1969 4826 ·
2024 4787 2062 4857 B.

1017 4845 1410 4879 ψ
