4554 5476
213 4143 279 4152 --
346 4104 426 4166 caea

819 231 1341 422 ¹----·1m------··

506 551 601 624 niam
621 551 756 631 dantur,
778 547 977 644 Gsmsriqne
996 550 1161 646 provincia
1184 548 1225 622 in.
1241 550 1378 620 alterum
1400 549 1514 646 quinq.
1535 561 1735 646 prorogatur.
1781 537 1933 641 Pompe?

505 643 558 734 jus
579 641 740 710 theatrum
761 660 858 710 suum
881 639 1008 710 dedicat
1029 651 1064 710 et
1084 639 1420 731 magnificentissimos
1442 641 1537 710 ludos
1564 638 1651 708 lacit.

427 785 431 795 .
492 781 496 792 .
579 787 583 796 ,
614 727 736 796 Caesar
758 725 937 798 Germanos
960 727 1112 820 Usipetes
1135 739 1171 796 et
1191 723 1416 804 Tenchtlreros
1431 726 1584 796 Rhenum
1606 738 1825 818 transmersus
1847 744 1916 791 cse-

506 814 565 902 dit,
586 817 660 973 ipse
680 814 833 884 Rhenum
853 827 955 908 ponte
976 815 1063 884 lecto
1086 815 1220 920 trajicit,
1248 825 1283 886 et
1306 816 1348 885 18
1371 815 1440 884 dies
1463 815 1497 882 iu
1521 815 1712 892 Germania,
1740 809 1917 880 recedenti·

223 466 321 532 aclis.
360 485 424 528 rue.

506 903 569 974 bus
616 901 720 983 ueris,
739 911 892 976 versatur.
938 903 1017 972 ludo
1040 915 1186 973 eucrmtu
1206 903 1240 972 io
1254 903 1400 972 Morinos
1422 903 1530 982 ducto,
1551 925 1627 970 cum
1649 903 1671 970 2
1694 901 1778 992 legg.
1799 897 1834 970 in
1849 897 1918 966 Bri·
2041 955 2042 958 ,

505 991 652 1061 tanniam
680 989 814 1080 trajicit,
847 987 996 1059 insulam
1017 1013 1214 1082 cognoscere
1246 991 1392 1080 cupiens.
1441 990 1527 1058 Pace
1554 989 1638 1058 lacta
1667 1009 1815 1056 reversos
1843 1007 1919 1052 curn

506 1081 659 1150 omnibus
682 1077 865 1168 legionibus
885 1077 920 1146 iu
943 1076 1056 1168 Belgis
1079 1078 1238 1148 bibernat
1281 1081 1322 1148 A.
1342 1077 1501 1146 Gabinius
1522 1075 1766 1154 Ptolemaeum,
1792 1073 1920 1165 injussu

507 1166 637 1260 populi,
665 1165 698 1234 iu
720 1165 906 1258 Aegyptam
927 1164 1054 1234 reducit
1080 1189 1222 1259 eumque
1251 1165 1378 1258 aliquot
1401 1163 1555 1236 secundis
1577 1163 1710 1259 proeliis
1733 1161 1845 1242 lactis,
1872 1161 1920 1226 in·

506 1255 596 1347 genti
617 1252 768 1322 mercede
788 1275 866 1324 scee
889 1263 934 1327 ta.
957 1251 992 1320 in
1014 1277 1150 1344 regnum
1172 1253 1323 1322 restituit.
1348 1273 1354 1288 ·

490 1419 492 1424 ,
526 1429 547 1496 d
569 1340 797 1510 Atpqucqqero
816 1277 1082 1448 obposita
1104 1341 1194 1450 dicit,
1215 1351 1250 1410 et
1270 1341 1371 1410 libros
1392 1338 1435 1408 de
1456 1349 1585 1411 oratore
1606 1335 1728 1422 scribit,
1752 1335 1827 1427 ride
1843 1357 1919 1412 com

505 1453 524 1500 a
750 1472 761 1492 .

611 1517 651 1586 Τ.
667 1513 793 1584 Annius
807 1514 891 1584 Milo
905 1515 1089 1608 praeturam
1104 1513 1197 1606 gerit,
1219 1513 1263 1584 Μ.
1275 1513 1428 1584 Messalla
1444 1535 1627 1588 censuram,
1644 1511 1769 1581 incerto
1784 1509 1918 1600 collega.

250 1602 297 1673 bl
356 1597 422 1670 700
462 1604 556 1674 Goss.
570 1601 611 1672 h.
633 1604 808 1673 Domitius
829 1603 1088 1682 Ahenobarbus,
1111 1603 1175 1708 Ap.
1206 1603 1371 1673 Claudius
1384 1601 1569 1688 Pulcher.)
1614 1599 1733 1670 Caesar
1751 1600 1868 1667 iteruin
1885 1597 1919 1662 in

504 1691 627 1761 Britan.
650 1691 779 1766 tra'icit,
801 1691 897 1760 victis
911 1687 1061 1760 hostibus
1079 1692 1313 1785 obsidibusque
1328 1691 1470 1844 accelptis
1483 1691 1578 1758 redit.
1622 1687 1690 1756 Sed
1713 1687 1820 1754 hieme
1835 1683 1920 1784 Ebu

505 1791 603 1847 'ronco
624 1780 659 1846 in
683 1717 807 1860 (inilia,
830 1777 1018 1869 Ambiorige
1040 1803 1116 1870 rege
1145 1791 1294 1859 auctore,
1322 1780 1400 1848 rebe
1416 1781 1485 1848 lant
1512 1787 1546 1846 et
1567 1776 1731 1866 legionem
1754 1774 1850 1841 Rom.
1873 1769 1918 1836 ihr

468 1877 474 1904 '·
504 1865 732 1935 hibernantem
750 1863 909 1939 caedunt:
943 1867 984 1954 Q.
1008 1865 1125 1936 Cicero
1147 1865 1183 1936 in
1203 1865 1333 1940 Nerviis
1354 1889 1450 1958 segre
1473 1865 1587 1938 cssuis
1609 1863 1770 1943 delensis,
1799 1885 1818 1928 a
1838 1857 1919 1924 Cne-

505 1975 578 2024 sare
599 1954 771 2022 obsidione
791 1953 957 2023 liberatur.
1218 2011 1223 2020 .
1343 1979 1348 1988 ’

611 2042 649 2110 ln
670 2039 831 2134 Syria-M.
854 2040 992 2111 Crassus
1013 2040 1137 2110 bellum
1158 2051 1273 2132 eontra
1295 2039 1451 2110 Purtbos
1474 2050 1574 2132 parat,
1597 2037 1655 2107 ssd
1680 2036 1712 2103 in
1735 2035 1919 2124 Mesopota·

504 2127 570 2197 mis
594 2127 793 2220 aliquamdiu
814 2137 961 2200 versatus
988 2128 1023 2204 iu
1050 2128 1253 2223 prouinciam
1280 2129 1367 2199 redit
1388 2151 1528 2223 eamque
1547 2126 1727 2218 despoliat,
1756 2117 1919 2216 imprimis

503 2214 704 2286 ludaeorum
725 2213 896 2309 templum.

546 2304 550 2312 '
608 2302 796 2396 Pompeius,
819 2301 900 2372 dnm
920 2301 1107 2396 provinciae
1128 2327 1188 2396 per
1208 2303 1345 2392 legatos,
1367 2301 1407 2370 1.
1428 2300 1598 2370 Afranium
1621 2309 1657 2368 et
1677 2297 1722 2366 Μ.
1742 2297 1917 2401 Petreium,
1970 2365 1975 2375 ,

502 2391 777 2470 administrantur,
800 2390 836 2458 in
857 2387 939 2458 urbe
960 2389 1127 2473 remansit,
1150 2389 1210 2460 sed
1233 2391 1263 2458 ei
1285 2387 1317 2458 la
1341 2413 1370 2458 a.
1392 2413 1489 2481 mave
1511 2388 1631 2456 vulnus
1655 2385 1814 2470 lanriliare
1836 2383 1920 2452 mlh-

503 2479 598 2568 gitnr,
619 2479 708 2546 Julia
729 2501 833 2546 uxore
855 2487 890 2546 et
907 2499 1010 2628 parvo
1033 2478 1101 2544 lilio
1124 2501 1166 2546 en
1187 2501 1226 2545 ea
1241 2487 1396 2568 suscepto
1418 2474 1566 2568 mortuis.
1613 2473 1780 2542 Gabinius
1801 2496 1843 2538 cx
1858 2470 1920 2560 Sy·
1986 2505 1992 2514 ·

503 2566 550 2632 ria
572 2579 721 2632 reversus
744 2561 831 2715 apud
847 2560 900 2628 Μ..
938 2571 1068 2630 atonem
1082 2563 1269 2630 Praetorem
1284 2562 1535 2655 repetundarum
1551 2573 1720 2630 accusatus
1737 2560 1919 2626 damnatur.

505 2647 622 2717 Gicero
645 2647 706 2715 Gn.
732 2647 903 2716 Faucium
928 2648 1079 2718 Aedilem
1107 2649 1254 2718 curulem
1285 2653 1383 2734 (cum
1409 2648 1450 2718 A.
1478 2647 1611 2734 Plotio)
1639 2649 1781 2716 ambitus
1810 2645 1919 2714 dolen·
1990 2683 1994 2694 ι

505 2735 563 2818 dit,
585 2746 620 2804 et
638 2757 698 2827 pro
719 2733 764 2803 Μ
787 2734 912 2802 Scauro
932 2738 1187 2828 repetundarum
1207 2761 1250 2807 ex
1269 2736 1363 2806 Sard.
1386 2747 1538 2804 accusato
1561 2734 1654 2804 dicit:
1684 2735 1771 2802 idern
1794 2743 1921 2800 aestate

505 2822 539 2889 5⁰
564 2821 712 2890 cummi
734 2818 835 2889 lib¹0⁸
857 2817 905 2888 Vl
926 2821 967 2889 de
990 2845 1026 2892 re
1070 2823 1178 2891 ablica
1200 2823 1320 2892 scribit.
1365 2823 1504 2894 Asinius
1518 2822 1635 2892 Pollio
1658 2821 1797 2890 alterurn
1821 2831 1854 2888 et
1873 2818 1919 2888 vi

505 2908 664 2978 cesimum
687 2930 809 2976 annum
831 2931 943 2998 ageos,
967 2905 1004 2976 G·
1057 2923 1188 2979 atonem
1210 2905 1420 2980 tribunicium
1443 2920 1582 2979 accusat.
1675 2978 1683 2988 ,

249 2993 293 3062 bd
353 2994 418 3066 701
461 2997 556 3066 Coss.
573 2997 634 3064 Cu.
648 2995 825 3064 Bossitirrs
849 2994 1023 3077 Caluinus,
1045 2999 1097 3066 M.
1116 2997 1282 3068 Valerius
1297 2997 1479 3076 Messalla,
1501 2997 1643 3089 septimo
1657 2998 1789 3064 demum
1806 3017 1920 3064 mense

504 3083 1147 3243 m²t⁸t?‘t¹trt‘cttit‘tttd‘⁰³¹‘
1170 3085 1587 3242 iimilihil‘diaimbdl.
1600 3085 1948 3241 titillo...
1975 3149 1983 3158 ·

504 3258 657 3334 Rhenum
675 3257 720 3326 ed
741 3259 970 3414 perterrendos
992 3199 1295 3332 Geriiiniiniriis
1315 3197 1434 3329 iteiridr
1456 3200 1597 3347 ὶτέᾓείι.1
1631 3259 1697 3328 Sed
1723 3197 1759 3326 iii
1782 3221 1919 3328 llriente

502 3345 552 3416 Μ
576 3347 721 3414 Crassus
757 3357 904 3416 noestam
927 3371 965 3418 es
991 3349 1169 3418 editionem
1191 3353 1263 3418 adv.
1285 3348 1423 3418 Parthos
1445 3347 1591 3438 suscipit,
1613 3371 1690 3415 narn
1713 3348 1860 3440 proditus
1884 3346 1920 3414 in

502 3431 595 3500 Meso
620 3445 672 3534 ot.
685 3431 727 3500 sb
749 3433 878 3522 Abgaro
900 3371 1083 3523 Osrhoene,
1105 3437 1297 3509 Parthorum
1320 3437 1465 3504 exercitu
1487 3437 1721 3518 circumdatur,
1744 3447 1777 3504 et
1798 3433 1918 3503 Publio
2031 3500 2038 3510 ,

503 3516 573 3586 lilio
597 3459 777 3624 lorumimo
805 3543 881 3590 eum
909 3524 1073 3614 equitibus
1100 3549 1215 3608 caeso,
1248 3523 1334 3614 turpi
1361 3523 1438 3614 fuga
1467 3521 1607 3590 Carrhas
1633 3523 1732 3616 petit3
1770 3524 1847 3592 inde
1875 3526 1918 3592 ad

502 3604 702 3674 cohortium
729 3629 805 3676 cnm
834 3609 946 3678 Orode
973 3612 1056 3680 duce
1082 3612 1191 3680 Parth.
1219 3633 1410 3706 progressus
1438 3621 1587 3694 necatur,
1616 3611 1727 3677 marni
1756 3613 1918 3681 exercitus

501 3692 558 3764 rin
584 3629 710 3762 decisus
732 3717 807 3787 pars
834 3695 870 3765 iri
894 3697 1095 3791 pmvineism
1114 3700 1208 3770 redit.
1258 3699 1298 3768 ln
1324 3696 1434 3768 Crassi
1459 3697 1571 3770 locuto
1596 3696 1641 3766 Μ.
1667 3661 1783 3770 Gicero
1798 3773 1800 3780 ,
1815 3723 1919 3788 augur

254 3867 296 3936 bd
352 3869 417 3940 tm
441 3791 806 3972 ‘caiiipqiiibiiecittqs
818 3843 980 3976 Metellus
993 3871 1082 3942 Pius
1101 3871 1229 3958 Scipio,
1252 3897 1293 3942 ex
1309 3831 1378 3942 Gal
1395 3873 1511 3946 Sextii.
1534 3899 1563 3944 a.
1585 3876 1646 3944 Cn.
1663 3875 1837 3964 Ponrptjo,
1861 3895 1913 3974 ge

502 3981 582 4026 nero
604 3979 676 4038 suo,
699 3959 853 4027 adscitus.
896 3959 996 4028 lmho
1017 3961 1094 4029 anni
1116 3961 1199 4028 nulli
1222 3960 1313 4032 Coss.
1344 3965 1380 4030 in
1406 3987 1475 4056 rep.
1504 3973 1597 4045 sunl,
1624 3973 1740 4052 petunt
1767 3983 1824 4050 per
1848 3983 1915 4026 run

372 4037 408 4096 ⁴⁸
506 4065 542 4110 nc
562 4045 758 4114 seditionem
786 4043 824 4113 Τ.
846 4045 980 4116 Annius
994 4049 1094 4122 Milo.
1117 4047 1161 4116 Μ.
1176 4047 1329 4133 Scaurus,
1351 4049 1388 4119 P.
1404 4049 1552 4121 Plautius
1565 4049 1747 4138 Hypsaeus.
1786 4047 1915 4115 lnterca

505 4123 546 4196 Τ.
565 4129 645 4222 hlilo
667 4131 929 4203 inimicissimum
950 4159 1046 4204 soum
1070 4137 1107 4202 P.
1122 4137 1276 4206 Clodium
1298 4150 1468 4244 praeturae
1489 4137 1694 4205 candidatum
1717 4133 1751 4201 in
1774 4134 1825 4206 vio
1849 4135 1875 4202 A

370 4263 406 4318 55
505 4216 1110 4318 prs(s.gt.tacat1‹’em.)eaedtt
1156 4225 1196 4292 ta
1216 4224 1325 4294 Clodii
1352 4228 1465 4296 lnnere
1486 4223 1526 4296 'l'-
1547 4159 1914 4304 Plancuttssssfssas'lil·

286 4391 290 4398 ι
360 4328 421 4391 cqc·
504 4298 564 4392 pl.,
585 4321 715 4404 ‘curram
742 4307 888 4378 incendit
919 4312 1079 4405 (eamque
1101 4312 1144 4381 ob
1172 4335 1303 4383 canmm
1331 4314 1435 4404 inseq.
1458 4333 1487 4378 a.
1509 4331 1529 4377 a
1552 4307 1713 4376 Cicerone
1741 4321 1911 4382 accusatus

503 4389 659 4492 stlembus
678 4395 846 4493 qenulmtiis
867 4397 1068 4485 damnatur),
1089 4401 1188 4476 etiam
1212 4403 1251 4470 G.
1267 4398 1442 4471 Sallustius
1457 4393 1593 4487 Crispus
1609 4395 1698 4465 'trin
1723 4419 1814 4465 acres
1836 4423 1913 4470 cum

501 4473 629 4580 lllrlone
649 4479 835 4576 inimicitias
855 4499 992 4565 exercet.
1038 4487 1164 4558 Getone
1185 4501 1316 4559 rumore
1332 4485 1392 4554 Cu.
1409 4485 1592 4576 Pompejus
1612 4483 1737 4552 absens
1753 4483 1821 4552 III
1836 4487 1911 4556 Cos.

499 4584 574 4632 sone
594 4563 729 4656 collega
751 4567 958 4644 declaretur.
990 4574 1072 4644 Milo
1094 4589 1263 4646 accusatus
1285 4572 1326 4640 de
1348 4570 1400 4658 vi,
1427 4570 1588 4642 Gicerone
1614 4569 1828 4655 delendcnte,
1857 4575 1911 4641 da-

499 4663 630 4720 mnatur
652 4665 687 4722 et
709 4653 884 4733 Massiliam
906 4664 940 4733 in
964 4665 1099 4734 axilium
1121 4665 1199 4742 abit,
1221 4681 1330 4749 nsque
1350 4683 1418 4727 aron
1440 4661 1539 4729 etiarn
1558 4656 1792 4726 Clodianorum
1815 4660 1911 4729 multi

498 4743 766 4813 condemnantur.
811 4745 1077 4822 condemnantur
1094 4753 1176 4822 item
1188 4745 1330 4816 ambitos
1342 4747 1496 4829 Scaurus,
1517 4742 1700 4839 Hypsaeus,
1720 4746 1910 4831 Memmios,
