4566 5476
341 519 447 586 acb:-
483 537 547 580 ue.

365 612 430 684 317
483 608 547 678 437
590 605 683 679 Coss.
706 603 766 676 Ὃ.
787 604 912 675 Junius
932 601 1107 674 Bubulcus
1129 603 1277 686 Brutus,
1302 601 1342 693 (l.
1364 599 1529 687 Aernilius
1551 599 1745 694 Barbula.)
1790 602 1910 699 Apulia
1932 603 2047 698 perdo-

656 696 747 776 mita,
770 695 868 762 etiam
892 692 925 760 iu
948 692 1129 760 Lucaniam
1149 693 1298 762 Romana
1322 713 1411 759 arma
1433 691 1589 759 feruutur.

364 787 431 860 316
484 781 550 854 438
591 783 684 854 Coss.
707 782 766 870 Sp.
792 781 937 850 Nautius
957 780 1115 858 Rutilus,
1148 781 1199 848 M.
1228 778 1399 870 Popillius
1426 777 1605 864 Laenas.)
1651 777 1687 848 1.
1711 778 1854 848 Aemilia
1875 777 2046 850 Dictatore

254 863 263 886 '
656 868 1039 949 Saticulamobsidente,
1061 867 1183 937 bellum
1205 865 1372 935 Samnites
1393 866 1625 956 redintegrent
1796 891 1801 908 ·

364 961 432 1034 315
484 957 550 1031 439
591 959 685 1030 Coss.
711 956 752 1045 (l
778 953 946 1026 Publilius
968 955 1072 1024 Philo
1089 954 1168 1039 lV,
1190 952 1234 1022 L.
1256 952 1315 1021 Pu
1340 953 1425 1020 irins
1447 952 1687 1040 CrsrsorIV.)
1732 951 1863 1023 Bellum
1890 955 2048 1025 adversus

657 1045 823 1114 Samnites
845 1069 904 1139 per
924 1043 1127 1112 Dictatorcm
1156 1041 1279 1132 geritur
1305 976 1518 1128 brabium.
1561 1039 1705 1109 Saticula
1734 1066 1753 1109 a
1777 1041 1950 1123 Romanis,
1986 1041 2074 1130 Pu..

600 1175 604 1188 ι
656 1133 719 1204 etia
742 1155 760 1198 a
782 1132 918 1201 Samnit.
940 1132 1075 1224 capitur.
1119 1128 1188 1197 Sed
1209 1126 1291 1196 Sora
1315 1129 1494 1198 interiectis
1526 1127 1653 1198 colonis
1674 1129 1717 1198 sd
1737 1129 1905 1200 Samnites
1927 1130 2047 1215 deficit,

657 1221 822 1313 iidemque
845 1241 1000 1312 prospere
1022 1218 1063 1284 ad
1084 1215 1242 1285 Lentulus
1263 1227 1418 1308 pugnant.

366 1312 432 1383 314
484 1305 550 1380 440
591 1309 685 1380 Coss.
707 1308 757 1376 M.
780 1305 955 1376 Poetelius
976 1302 1079 1386 Libo,
1116 1304 1154 1372 C.
1182 1303 1353 1394 Sulpicius
1379 1302 1519 1396 Longus
1534 1302 1637 1391 III.)
1681 1303 1801 1373 Omnia
1823 1303 1982 1374 Romanis
2004 1305 2051 1373 in·
2100 1361 2106 1366 .

657 1395 738 1464 fida:
770 1395 829 1464 sed
851 1394 932 1461 Sora
952 1393 1137 1485 proditione
1158 1392 1329 1498 recipitur,
1363 1395 1535 1461 Ausonum
1557 1415 1637 1480 gens
1667 1392 1885 1462 delectionem
1909 1392 2050 1463 moliens

657 1493 835 1634 accupbauu
854 1504 1021 1586 actpaene
1043 1479 1181 1635 sllpletnu
1202 1479 1323 1635 lauti),
1338 1480 1395 1634 ibt.
1437 1479 1586 1634 bucerip
1607 1479 1934 1636 lwdbifflmiidil
1944 1505 1976 1636 sp
1992 1481 2051 1550 Sa·

765 1580 1702 1760 sustu.²..usannunnnunu..
1725 1591 1944 1760 ...43
1961 1589 2073 1725 4

656 1755 858 1816 coercentur.
904 1744 996 1812 Coss.
1021 1753 1138 1812 acriter
1159 1764 1234 1810 cum
1257 1741 1460 1812 Samnrtrbus
1483 1766 1517 1809 ur
1541 1741 1621 1809 Cam
1647 1742 1836 1812 ,dimicant
2027 1809 2033 1830 p

365 1834 432 1905 313
484 1824 547 1896 441
592 1831 686 1902 Coss.
708 1833 750 1900 J..
773 1831 942 1920 Papirius
965 1833 1091 1914 Cursor
1109 1829 1164 1910 V,
1193 1831 1232 1898 C.
1252 1827 1377 1897 lunius
1398 1828 1572 1898 Bubulcus
1587 1829 1616 1898 I
1632 1832 1667 1916 .)
1711 1829 1800 1898 Dict.
1818 1829 1857 1898 C.
1873 1829 2050 1902 Poetelius.

657 1919 824 1989 Samnites
845 1941 953 1988 arcem
976 1917 1200 2011 Fregellanam
1223 1939 1260 1985 ca
1285 1916 1371 1992 iuut,
1401 1939 1479 1986 mox
1508 1918 1671 1986 amittunt.
1716 1917 1799 1985 Nola
1831 1918 1967 1986 aRum.
1996 1943 2050 1990 ex-

657 2017 830 2162 pnpnatur,
853 2017 887 2076 et
908 2006 1058 2085 coloniae
1080 2005 1239 2110 Suessae,
1298 2004 1415 2089 antiis,
1445 2004 1667 2109 Interamnae,
1704 2003 1815 2111 §basini
1838 2006 2049 2092 collocantur,
2119 2095 2122 2100 ,

365 2147 432 2256 bil
484 2177 551 2248 tlt
593 2090 1585 2285 Cusblbelilqllblbiiliolllalciiribiszillle’eliisssillblilm
1594 2091 1980 2251 111114418111111111841111
1990 2183 2049 2251 Sa-

658 2270 815 2339 mniubus
836 2270 917 2338 novi
938 2269 1020 2338 belli
1040 2267 1179 2336 Etrusco
1208 2267 1294 2334 lama
1320 2277 1451 2356 sugunt
1496 2267 1585 2335 Dect.
1613 2267 1720 2336 dictus
1741 2268 1859 2337 lunius
1881 2269 2050 2341 Bubulcus

657 2356 779 2425 bellum
801 2367 980 2450 praeparat.
1026 2353 1151 2449 Appius
1174 2353 1331 2424 Claudius
1359 2355 1527 2440 (Caecus)
1556 2353 1683 2425 Censor
1711 2358 1808 2441 (cum
1833 2356 1871 2444 C.
1894 2355 2050 2444 Plautio)

522 2511 530 2523 ,
657 2445 743 2512 riam
766 2443 905 2538 Appiam
928 2441 1045 2525 munit,
1069 2453 1103 2511 et
1124 2465 1243 2536 aquarn
1265 2442 1406 2533 Appiam
1428 2443 1463 2509 in
1484 2443 1599 2510 urbem
1622 2443 1723 2528 ducit,
1745 2442 1833 2512 idem
1856 2446 1976 2533 gratiae
1998 2471 2051 2514 nr-

657 2532 761 2600 bsnae
783 2531 951 2601 studiosus
972 2528 1143 2599 libertinos
1176 2551 1236 2621 per
1264 2539 1380 2598 omnes
1407 2530 1510 2599 tribus
1540 2529 1672 2608 dividit,
1695 2553 1884 2624 ¹eurumque
1906 2533 1991 2604 lilios
2013 2534 2049 2602 in

659 2630 808 2690 senatum
830 2620 920 2710 legit.
966 2617 1167 2703 (Censoris
1189 2616 1252 2685 luit
1295 2617 1463 2708 riusquarn
1485 2616 1560 2686 Cos.
1583 2617 1732 2702 luisset.)

364 2711 430 2780 311
485 2703 551 2776 443
594 2705 688 2778 Coss.
713 2709 749 2776 C.
772 2707 897 2776 lunius
918 2705 1092 2776 Bubulcus
1113 2705 1215 2774 Brut.
1230 2641 1310 2782 Ill,
1335 2704 1377 2793 (l.
1398 2705 1562 2774 Aemilius
1578 2705 1738 2774 Barbula
1753 2707 1832 2795 II.)
1866 2707 2051 2800 Rogatione

658 2795 829 2863 tribunicia
867 2795 910 2864 16
941 2795 1014 2863 trib.
1048 2793 1206 2862 militares
1240 2792 1274 2859 in
1310 2791 1332 2862 4
1365 2790 1512 2884 legiones
1544 2793 1658 2886 pupuli
1690 2795 1850 2888 suffragiis
1888 2806 2049 2869 creantur.

659 2882 784 2952 Omnes
797 2881 946 2960 Etruriae
967 2881 1081 2974 populi
1104 2881 1168 2966 (cl.
1186 2903 1216 2947 a.
1232 2881 1320 2966 351)
1367 2891 1473 2949 meter
1488 2882 1657 2950 Arretinos
1679 2881 1801 2950 bellum
1825 2893 1936 2954 contra
1954 2885 2051 2952 Rom.

661 2980 797 3040 movent
819 2979 852 3037 et
866 2969 1012 3038 Sutrium
1036 2977 1237 3060 oppugnant.
1280 2969 1325 3036 Se
1370 2967 1411 3034 ad
1434 2968 1571 3036 eandem
1594 2968 1707 3036 urbem
1731 2969 1804 3053 aQ.
1820 2970 1961 3038 Aemilio
1982 2973 2053 3040 vin·
2163 2973 2174 2982 '

658 3069 784 3164 cuntur.
801 3144 810 3161 ·
828 3055 947 3126 lunius
970 3056 1046 3124 Cos.
1069 3056 1140 3123 adv.
1163 3054 1329 3125 Samnites
1359 3055 1481 3122 bellum
1504 3055 1603 3144 gerit,
1636 3066 1670 3124 et
1691 3055 1875 3124 bavianum
1901 3081 1943 3126 ex
1963 3058 2052 3129 Pen-

334 3239 336 3246 ’
367 3236 435 3307 310
486 3228 548 3300 444
593 3155 775 3318 0011118013
800 3153 908 3296 ¹bbins
928 3227 1115 3296 Rullianus
1129 3226 1191 3306 II,
1212 3227 1273 3295 *0.
1295 3183 1452 3294 Marcius
1472 3227 1647 3316 Bestilus.)
1690 3231 1742 3322 dp
1796 3229 1952 3302 Claudius
1974 3257 2052 3304 cen.

618 3353 620 3360 1
657 3338 766 3386 suram
788 3315 879 3383 solus
902 3325 936 3383 et
957 3314 1039 3381 ultra
1062 3315 1274 3382 constitutum
1297 3313 1371 3404 lege
1393 3313 1532 3382 Aemilia
1554 3326 1702 3409 tempus,
1735 3255 2050 3412 1314411ξί111ηῶ4-

658 3404 711 3472 rit.
755 3401 946 3510 14344410
969 3401 1103 3506 ancipiti
1126 3412 1244 3505 euentu
1266 3423 1318 3470 res
1339 3401 1471 3556 geritur.
1517 3401 1561 3508 ln·
1570 3403 1698 3473 Etruria
1714 3405 1834 3476 Fabius
1850 3407 2051 3482 004110311-

659 3489 721 3560 bus
742 3500 836 3558 uscue
858 3510 917 3581 per
940 3488 1117 3557 Crmmram
1139 3488 1255 3556 adram
1278 3499 1443 3583 provectus
1466 3490 1619 3560 ulteriora
1635 3492 1714 3561 date
1734 3504 1857 3578 vastat,
1885 3506 1920 3565 et
1940 3497 2050 3568 saluus

658 3577 841 3648 revertitur.
884 3576 1012 3645 lnterea
1035 3577 1149 3645 elassis
1172 3586 1243 3644 tum
1265 3578 1408 3668 primum
1440 3590 1624 3734 compprata
1653 3591 1688 3649 et
1709 3579 1885 3686 Pompeios*
1913 3609 1930 3650 a
1954 3585 2050 3678 pulsa

660 3689 679 3734 a
699 3663 873 3733 Nucerinis
895 3665 1126 3742 detrimentum
1150 3675 1329 3758 receperat,
1352 3675 1386 3734 et
1409 3665 1482 3757 ipse
1554 3692 1581 3734 s.
1603 3663 1744 3738 Maicius
1766 3691 1841 3736 eum
1863 3671 1957 3741 mitro
1979 3697 2051 3742 rem

659 3753 744 3822 bene
767 3755 933 3856 gessisset,
956 3777 975 3826 a
997 3751 1201 3861 Samnitibus
1229 3752 1334 3821 victus
1358 3763 1393 3821 et
1413 3751 1601 3824 uulneratus
1629 3767 1707 3825 erat.
1752 3754 1866 3850 ltaque
1886 3762 1979 3850 jussu
1999 3783 2050 3832 se·

368 3935 434 4009 309
486 3923 551 3996 445
593 3839 1303 4032 44114111114Εῗι113011111131.(1141114,
1328 3926 1512 3998 odonia
1526 3924 1614 3996 Bnb.
1631 3928 1729 4020 Mag.
1752 3933 1830 4020 ep.)
1852 3929 1954 4026 ·Pup.
1972 3958 2049 4004 curn

659 4038 753 4084 nous
782 4015 866 4108 legg.
888 4013 1071 4105 Longulam
1102 4013 1143 4082 ad
1164 4013 1323 4083 Marcium
1350 4017 1513 4109 pervenit,
1547 4015 1712 4086 Samnites
1739 4019 1905 4111 profligat,
1938 4023 2048 4090 trium-

658 4102 764 4197 phans
786 4101 821 4169 in
843 4103 957 4169 urbem
980 4101 1072 4170 redit.
1116 4101 1237 4170 Fabius
1255 4115 1428 4197 prorogato
1451 4103 1529 4194 imp.
1545 4101 1710 4182 Etruscus,
1734 4105 1857 4176 sacrata
1881 4109 1953 4200 lege
1975 4133 2048 4179 coa-
2117 4185 2123 4194 ¹

661 4203 750 4296 etna,
777 4201 811 4259 et
832 4189 974 4259 Umbros
994 4189 1114 4258 iterum
1135 4189 1258 4270 caedit,
1290 4199 1339 4275 et,
1369 4189 1500 4260 Perusia
1523 4201 1633 4284 capta,
1667 4194 1709 4260 ad
1731 4217 1845 4288 pacem
1873 4199 2049 4289 petendam

597 4279 783 4456 (1144118410
800 4389 829 4437 et
844 4381 898 4438 300
912 4387 1005 4509 pestes
1022 4375 1117 4437 Lirim
1133 4377 1203 4436 male
1219 4379 1343 4437 adunam
1356 4396 1450 4437 annum
1462 4378 1575 4451 rettulit,
1592 4379 1626 4438 cl.
1639 4385 1666 4453 9,
1678 4385 1714 4442 36
1732 4337 1761 4443 u
1777 4311 1835 4464 cap.
1848 4387 1885 4446 10
1895 4397 1963 4448 extr.
1991 4389 2048 4448 dn·
2114 4345 2119 4352 ·

659 4471 710 4510 nur
727 4451 855 4510 dirimunt
871 4449 911 4508 las
951 4449 1097 4526 Capitolini
1114 4469 1255 4528 rerumque
1273 4461 1403 4526 gestarum
1420 4448 1511 4520 orda.)
2013 4483 2018 4490 ·

372 4551 438 4621 308
490 4540 556 4611 446
598 4539 689 4610 coss.
716 4538 757 4628 (l.
780 4539 912 4607 Fabius
940 4525 1127 4606 Rullianus
1141 4537 1223 4619 ΙΙΙ,
1255 4537 1300 4608 P.
1327 4537 1456 4606 Decius
1484 4538 1565 4607 Mssa
1580 4539 1659 4630 Il.)
1702 4542 1782 4612 Feb.
1811 4541 1982 4624 Nuceriam
2010 4547 2047 4616 in

295 4665 300 4672 ·
547 4637 553 4649 '
663 4627 843 4714 Campania
867 4627 908 4693 ad
930 4623 1127 4694 deditionem
1149 4625 1265 4714 adigit,
1293 4627 1326 4691 in
1350 4623 1485 4695 Samnio
1507 4625 1633 4696 Marsos
1659 4652 1698 4698 ec
1721 4629 1891 4719 Pelignus,
1924 4633 1981 4722 qui
2009 4657 2048 4707 se

662 4715 812 4784 hostibus
837 4715 1066 4800 adjunxerant,
1095 4713 1252 4782 devincit:
1280 4713 1426 4782 Etmscis
1447 4712 1568 4783 Decius
1590 4716 1736 4786 inducias
1758 4741 1881 4786 annuos
1903 4717 2047 4806 dederat,

586 4807 588 4816 ’
664 4801 723 4872 sed
745 4802 785 4871 ab
806 4801 939 4872 Umbris
962 4801 1086 4910 bellum
1113 4813 1302 4872 renoruurs
1336 4803 1514 4873 mercitum
1538 4801 1678 4878 Romam
1707 4804 1851 4896 rapiunt:
1883 4809 2051 4898 praesidet

1972 4898 2050 4968 urbi
