4566 5476
905 319 1276 376 numu—-

235 504 354 568 tutans
379 500 429 565 ast
451 501 583 582 maxime
602 499 642 561 sd
666 493 868 580 cognitionem
890 492 999 558 berum
1024 501 1195 578 temporum
1223 493 1364 576 pertinet.
1404 489 1535 558 Procula
1562 494 1708 582 quaedam
1728 495 1767 560 sd
1785 495 1942 563 Maximis·

234 625 309 670 uum
327 601 500 666 Herusliuin
520 608 555 665 et
573 599 811 678 Candauiam,
830 596 958 681 ωῑΙεέιι
972 593 1169 675 *Diodotimi
1188 595 1387 678 pertinentia,
1406 613 1447 659 ex
1468 595 1600 660 Claudii
1618 599 1809 663 Mamer-tini
1828 608 1859 663 st
1878 601 1942 664 Eu·

132 727 137 736 ·
234 705 341 785 muri,
360 703 543 768 Gallicorum
561 704 728 781 rhetorum,
747 701 936 786 panegyricis
954 699 1103 777 hameris,
1128 699 1182 782 qui
1200 699 1342 782 leguntur
1358 699 1392 762 iu
1412 701 1713 780 congeneratum
1731 703 1943 786 panegyrica·

205 828 314 886 ,nm
354 807 495 891 (Optima
514 805 608 870 editio
622 803 740 886 Wottg:
758 799 887 887 turgeu,
906 801 1040 868 Narimlr.
1063 799 1152 878 1779,
1171 799 1208 867 ll.
1225 799 1277 880 8.)
1322 865 1324 872 ,
1953 793 1957 802 ’

206 931 219 952 ·
331 909 448 974 Verum
465 907 519 972 ubi
538 907 577 970 ad
598 906 847 972 Constantinum
871 914 905 970 et
920 911 1082 989 sequentes·
1098 905 1296 987 Imperatores
1314 905 1449 982 remens,
1477 924 1540 967 non
1558 911 1623 968 tam
1644 909 1774 990 psunrta'
1788 915 1945 974 auctorum
2016 945 2017 948 π

233 1016 381 1098 (quom
398 1029 557 1075 numeram
575 1018 666 1092 suget
683 1007 868 1086 damasius,
887 1009 1138 1091 panegyricomm
1161 1007 1330 1090 optimus),
1361 1011 1582 1090 quam'eorum
1607 1007 1740 1071 dimenso
1766 1013 1943 1085 moveberis.

232 1100 311 1180 Nam
331 1115 487 1192 uocaus,
508 1131 599 1196 mem
617 1110 707 1174 modo
726 1110 859 1188 diximus
877 1108 955 1173 haee
971 1115 1108 1193 tempora
1127 1111 1199 1172 satis
1219 1112 1340 1194 copiose
1359 1111 1559 1192 descripsisse,
1582 1109 1712 1194 madens
1732 1111 1853 1193 quidem
1873 1114 1943 1174 scri·
2063 1129 2068 1142 “

232 1223 302 1300 ptor
320 1219 387 1300 jure
405 1216 549 1293 babetur,
575 1213 627 1286 sed
646 1214 689 1276 ita
708 1212 837 1276 ethnicis
861 1211 1055 1294 rdigionibus
1074 1210 1191 1273 deditus
1209 1219 1269 1288 est,
1299 1221 1334 1275 ut
1352 1213 1390 1274 ob
1410 1211 1489 1276 hauc
1514 1220 1634 1274 causant
1658 1231 1721 1274 non
1741 1216 1892 1276 immerito
1911 1216 1946 1278 iu

232 1320 432 1404 suspicionem
450 1317 578 1393 venerit,
598 1334 637 1377 an
656 1313 694 1378 de
714 1314 912 1378 Constantino
932 1321 965 1378 et
982 1311 1163 1392 Theodosio,
1183 1315 1351 1396 praecipuis
1370 1313 1560 1378 Christianae
1578 1313 1649 1376 fidei
1668 1316 1819 1398 patronis,
1846 1315 1944 1378 detra·
2070 1331 2076 1338 ·

232 1421 325 1497 xerit,
344 1429 426 1485 certe
445 1417 693 1504 quodlaudabils
712 1417 744 1479 in
764 1415 1153 1495 triumtabernarum.
1192 1415 1292 1496 Qum
1312 1417 1498 1479 voluntatem
1521 1416 1574 1479 hic
1597 1417 1688 1515 ninam
1707 1435 1725 1478 a
1745 1417 1944 1479 &botontino

233 1541 370 1588 svamm
388 1522 426 1585 sd
446 1523 601 1584 binariam
620 1519 806 1584 scribendam
826 1517 977 1597 sttulmat,
998 1519 1124 1583 undem
1142 1519 1253 1600 magis,
1282 1537 1373 1601 quam
1398 1537 1454 1601 par
1480 1525 1561 1596 erat,
1589 1536 1768 1602 propensam
1787 1517 1945 1581 Eusebia

232 1623 353 1704 habuit,
380 1627 432 1708 qui
450 1631 570 1708 praeter
589 1623 745 1688 historiam
763 1619 995 1685 cceluiusticam
1013 1620 1161 1702 singulare
1180 1639 1256 1704 opus
1281 1621 1324 1684 de
1343 1621 1417 1682 uita
1435 1621 1501 1682 sive
1519 1620 1557 1682 de
1581 1620 1717 1682 laudibus
1738 1619 1946 1685 Constantini

233 1729 419 1811 mmeripsit,
437 1747 536 1808 neque
555 1725 610 1802 illi,
631 1726 684 1807 qui
703 1725 768 1806 ejus
785 1722 944 1786 histum
963 1723 1115 1804 usquead
1134 1741 1248 1784 annum
1267 1722 1327 1786 439
1347 1724 1574 1799 continuarunt,
1599 1722 1772 1798 Socrates,
1797 1723 1946 1786 Sarame-
2051 1728 2053 1734 '
2153 1799 2157 1806 .

234 1847 304 1907 rurs,
326 1829 566 1902 moderans,
591 1826 662 1888 satis
682 1824 889 1906 incorruptum
905 1825 1051 1905 judicium
1070 1825 1104 1885 in
1122 1825 1269 1886 acerrimo
1293 1823 1425 1906 partium
1445 1825 1543 1887 studio
1563 1826 1726 1906 (imprimis
1745 1825 1784 1887 dc
1802 1824 1944 1904 tuliano)

233 1930 454 2013 praestiterunt
495 1929 567 2008 Quo
586 1926 680 2008 magis
699 1931 748 1988 est
770 1923 974 2006 gaudendum,
1000 1925 1033 1986 in
1058 1933 1143 2008 parto
1162 1926 1269 1987 saltem
1288 1924 1378 2008 hujus
1397 1927 1527 2008 periodi,
1548 1925 1585 1988 ab
1605 1945 1684 1988 anno
1703 1924 1944 1988 samaram·
2035 1962 2042 1972 ι

233 2038 346 2095 uorem
365 2051 461 2094 unum
479 2031 616 2094 omnium
634 2026 771 2091 veniatis
789 2025 1037 2090 uentosissimum
1057 2034 1088 2090 et
1108 2046 1181 2091 vers
1200 2027 1331 2109 antiquis
1350 2027 1410 2090 illis
1428 2027 1613 2090 similimum
1633 2035 1787 2110 superesse
1804 2027 1944 2089 simmia«
2028 2083 2034 2090 .

232 2152 309 2196 num
327 2133 560 2196 Marcellinum.
599 2132 630 2193 Is
648 2129 746 2194 Taciti
764 2129 904 2193 historias
925 2129 1113 2194 continuavit
1138 2136 1170 2192 ct
1189 2149 1207 2192 a
1227 2127 1344 2191 Nervae
1370 2131 1540 2212 plincipatu
1565 2148 1660 2211 usque
1684 2129 1722 2191 ud
1742 2128 1879 2191 Valentis
1899 2131 1945 2190 in·

231 2237 356 2298 teritum
375 2255 476 2298 rorum
496 2231 755 2316 gestarumllibros
775 2229 814 2295 ii
835 2233 962 2315 scripsit,
983 2251 1019 2294 cs
1039 2232 1160 2314 quidum
1180 2233 1296 2294 ratione
1316 2231 1416 2312 (quod
1436 2232 1563 2294 nimium
1582 2249 1670 2314 saepe
1690 2232 1765 2293 mihi
1784 2229 1944 2293 dicendum

231 2337 433 2418 moviduo),
453 2344 489 2399 ut
507 2357 567 2419 qno
587 2334 761 2419 procederet
779 2335 896 2416 longius
915 2335 1069 2417 tempore,
1089 2355 1125 2398 sa
1145 2340 1281 2396 numeret
1299 2335 1481 2412 accuratius,
1501 2334 1677 2416 praesertim
1698 2353 1774 2415 quac
1793 2335 1868 2416 ipse,
1890 2335 1943 2406 mi·

230 2440 275 2503 lss
294 2439 349 2502 sub
368 2440 504 2516 tuliano,
532 2438 664 2530 uidisset.
703 2436 800 2520 Hujus
819 2435 911 2516 igitar
928 2437 1082 2518 scriptoris
1102 2453 1170 2498 eum
1192 2433 1229 2497 13
1249 2435 1317 2497 libri
1337 2437 1452 2520 priores
1470 2437 1627 2519 perierint,
1654 2443 1812 2518 supersunt
1834 2433 1874 2496 18
1891 2456 1944 2517 po·

170 2571 171 2574 ¹
232 2545 388 2619 sterteres,
413 2547 533 2622 praeter
552 2559 588 2601 ea
608 2559 686 2620 quas
705 2537 854 2620 professus
873 2545 967 2614 crat,
984 2541 1086 2602 vadas
1112 2537 1287 2600 eruditionis
1312 2539 1404 2620 ptem.
1445 2537 1506 2600 Sed
1526 2539 1564 2600 ad
1583 2545 1765 2622 postremam
1783 2537 1873 2620 hujus
1892 2555 1943 2620 pe·

232 2644 310 2706 riodi
329 2649 446 2724 partem
467 2648 499 2703 et
519 2641 694 2704 neodem·
712 2639 874 2722 imperium
893 2639 993 2702 minor
1011 2647 1057 2702 est
1076 2635 1250 2702 Latinorum
1270 2641 1449 2724 scriptorum
1470 2641 1571 2723 coptus
1600 2640 1662 2701 huc
1681 2640 1853 2702 referendae
1873 2645 1944 2701 tunt

234 2743 419 2822 Symmachi
438 2741 591 2822 epistolae,
610 2741 758 2823 imprimis
775 2741 826 2802 lib.
848 2741 903 2817 10,
924 2737 1051 2822 quarun'r
1070 2742 1229 2838 plerasque
1247 2741 1415 2823 praefectus
1433 2741 1501 2803 urbi
1520 2741 1667 2803 derebus
1686 2725 1866 2802 urbanis'ad
1884 2739 1944 2799 lm·

233 2848 403 2926 perstarem
422 2843 513 2916 misit,
532 2841 707 2914 Ambrosii,
720 2841 722 2848 '
737 2843 827 2920 episc.
847 2841 1091 2912 mediolanensis,
1120 2842 1194 2896 item
1219 2841 1362 2916 epistolae
1387 2850 1418 2899 et
1443 2843 1540 2899 oratio
1563 2841 1601 2900 de
1622 2840 1706 2900 obitu
1725 2840 1943 2916 Valentiniani,

233 2942 349 3004 Latina·
366 2941 494 3003 Parati
511 2940 710 3020 panegyricas
729 2955 757 2998 s.
777 2936 836 3000 391
858 2936 971 3016 dctus,
996 2937 1109 2999 multae
1127 2931 1281 3018 praeterea
1300 2937 1379 3019 leges
1393 2939 1431 3000 'in
1453 2939 1680 3002 mamerano
1700 2939 1829 3015 codice,
1857 2958 1943 3023 prac-

233 3043 311 3107 clus
331 3062 350 3104 a
368 3041 431 3103 luc.
453 3039 638 3102 Gothoiredo
659 3039 835 3120 explicatae,
1406 3037 1410 3052 ¹
1890 3047 1896 3056 “
1927 3115 1930 3122 ¹

330 3141 476 3206 Venimus
502 3140 539 3202 ad
565 3139 713 3202 naamam
737 3147 769 3202 et
792 3137 1023 3202 infelicissimam
1047 3145 1193 3202 oetatan
1211 3139 1334 3222 Imperii
1360 3135 1493 3216 Romani
1517 3141 1737 3208 Occidentalis.
1771 3139 1850 3207 Nam
1871 3165 1941 3208 eum
2032 3199 2054 3218 ,.

153 3327 155 3329 ¹
205 3268 209 3277 ·
231 3246 399 3314 Theodosio
419 3249 538 3306 mortuo
557 3241 617 3304 (tuo
636 3238 692 3302 iiiii
710 3242 797 3325 pueri
816 3259 918 3304 rerum
941 3243 1076 3303 omnium
1100 3243 1234 3324 imperiti
1259 3249 1290 3313 et
1314 3241 1463 3306 imbecillo
1489 3244 1609 3326 ingenio
1634 3246 1761 3328 praediti
1787 3249 1942 3310 successis-

232 3358 307 3436 sent,
329 3355 360 3411 ct
378 3347 487 3408 divisio
506 3343 625 3428 imperii
645 3349 749 3406 conus
769 3363 861 3426 quam
879 3344 932 3408 illc
943 3343 1076 3406 futurum
1093 3351 1275 3425 speraverat,
1294 3346 1494 3410 aemulatione
1508 3348 1673 3411 aulicorum
1692 3327 1771 3412 inita
1785 3355 1862 3413 esset
1874 3371 1962 3434 per--

229 3459 331 3536 petua,
352 3455 461 3512 cuncta
479 3448 575 3525 mdo,
596 3464 675 3528 quac
692 3445 846 3530 hucusque
863 3447 1023 3531 prudentia
1042 3451 1074 3506 et
1093 3445 1268 3508 fortitudine
1287 3447 1504 3530 imperatorum
1530 3457 1683 3534 utcunque
1702 3453 1825 3536 depulsa
1844 3461 1941 3532 erant,

230 3553 329 3616 sabito
349 3555 565 3635 proruperrmtr
595 3545 714 3610 barbari
734 3555 766 3612 et
783 3549 943 3627 ioeduati,
970 3548 1023 3630 qni
1047 3545 1160 3608 dudum
1180 3555 1293 3634 quanto
1311 3553 1478 3634 superiores
1503 3560 1601 3616 essent
1620 3553 1763 3618 Romanis
1780 3557 1939 3620 intellexe-
1980 3587 1982 3592 v

230 3663 308 3732 rant,
330 3661 361 3716 et
378 3653 452 3716 novi
471 3651 582 3729 hostes,
601 3650 727 3734 praedas
747 3657 779 3712 ct
797 3671 884 3734 apros
903 3656 1094 3733 quaerentes,
1120 3651 1288 3732 provincias
1309 3651 1532 3734 occidentales,
1560 3677 1634 3739 quas
1654 3659 1854 3741 opulentiores
1875 3679 1940 3722 csse
2039 3707 2045 3718 .

232 3756 377 3837 putabant
397 3774 488 3839 qnam
507 3753 678 3830 Thraciam,
697 3753 815 3836 caepim
834 3760 923 3819 autes
942 3753 1168 3835 depopulatam,
1194 3753 1384 3833 invaserunt,
1410 3766 1442 3820 et
1461 3758 1583 3840 singulis
1603 3761 1636 3822 in
1654 3767 1834 3844 potestatem
1855 3761 1940 3825 reda«
1968 3799 1975 3807 -
2069 3769 2075 3782 ·

234 3841 302 3933 ctis,
316 3859 438 3922 tandem
458 3859 549 3920 etium
568 3855 703 3932 ltaliam,
724 3856 861 3918 astinem
877 3845 998 3918 nomino
1016 3854 1230 3938 imperatorIo,
1253 3857 1310 3919 sibi
1329 3879 1436 3942 parere
1455 3870 1622 3944 coegerunt.
1666 3867 1812 3926 ductores
1831 3867 1937 3924 harum

233 3975 334 4021 rerum
351 3961 440 4042 pauci
459 3967 530 4022 sunt
550 3959 646 4042 (quse
664 3961 731 4042 ipsa
749 3955 835 4020 nobis
855 3975 942 4019 causa
962 3958 1034 4035 init,
1059 3978 1112 4020 our
1131 3959 1209 4020 bane
1227 3961 1383 4042 periodum
1405 3965 1623 4027 scematissime
1647 3964 1854 4049 explicandam
1875 3965 1938 4023 exi·
1977 4015 1984 4030 ,

233 4061 449 4138 elimarentur),
468 4081 539 4124 nam
558 4082 598 4125 cx
617 4062 775 4124 universas
793 4060 935 4123 historiis
956 4060 1110 4130 Romanae
1128 4063 1335 4144 scriptoribus,
1361 4082 1429 4130 cum
1450 4065 1611 4150 Eutropius
1631 4075 1662 4129 et
1682 4067 1818 4127 Victores
1839 4066 1871 4126 iu
1890 4084 1938 4125 su·

231 4163 350 4244 periore
368 4162 489 4244 periodo
509 4163 659 4241 dmierint,
679 4183 719 4226 ne
736 4159 883 4224 Zonsrruu
904 4164 1025 4244 quidem
1045 4162 1095 4224 hie
1115 4163 1151 4224 ad
1170 4173 1271 4247 partes
1289 4186 1398 4230 vocare
1415 4187 1582 4251 pessumo,
1603 4171 1714 4251 quippe
1734 4169 1786 4250 qui
1804 4175 1873 4251 post
1892 4168 1937 4229 in·

231 4265 369 4328 stitutum
389 4263 564 4326 divisionem
583 4266 680 4328 solum
699 4265 773 4349 imp.
796 4265 960 4329 orientalis
979 4266 1134 4328 historiam
1152 4277 1364 4351 persequatur,
1384 4284 1440 4332 neu
1463 4271 1581 4334 Oresio
1602 4271 1676 4332 duce
1696 4271 1824 4352 amplius
1845 4288 1936 4354 quum

188 4359 194 4366 ’
230 4385 326 4450 usque
346 4365 385 4428 sd
405 4383 517 4428 annum
535 4365 596 4428 448
612 4367 732 4431 utimur.
772 4367 840 4432 Jam
860 4389 933 4433 sero
953 4369 1115 4447 Zosimus,
1145 4371 1198 4452 qui
1222 4371 1281 4434 hoc
1305 4373 1362 4434 sibi
1382 4379 1589 4454 argumentum
1611 4373 1789 4434 intereuntis
1808 4371 1932 4456 Imperii

229 4468 382 4552 peculiare
400 4473 577 4549 sumpserat,
595 4469 627 4528 in
639 4469 764 4532 Alarici
783 4471 1022 4554 expeditionibus
1035 4472 1146 4534 Italicis
1166 4475 1309 4551 constitit,
1331 4475 1408 4536 ciros
1428 4493 1541 4536 anuum
1559 4471 1619 4533 aso
1639 4474 1721 4556 (lege
1741 4475 1805 4558 ejus
1824 4475 1935 4536 librum

233 4570 372 4652 quintum
392 4575 423 4632 et
441 4571 522 4630 sexti
541 4569 766 4651 usamentum),
786 4571 943 4652 incertum,
963 4581 1065 4636 utrum
1084 4577 1149 4658 ipse
1168 4577 1353 4659 propositum
1373 4573 1515 4658 perlicere
1534 4577 1713 4658 nequiverit,
1734 4597 1773 4639 an
1792 4579 1936 4660 temporis

232 4678 363 4742 remotas
382 4677 482 4736 sotera
501 4671 656 4736 eslevera
694 4671 801 4756 ltaque
825 4679 988 4740 maximam
1012 4685 1044 4740 et
1069 4675 1206 4741 ultimam
1230 4697 1318 4760 opem
1342 4695 1361 4739 a
1385 4675 1619 4742 Chronicaruss
1643 4677 1836 4763 scriptoribus
1859 4678 1935 4760 peti

1438 4782 1500 4814 ss·
1513 4783 1535 4844 ⁹
1928 4801 1938 4806 -
