4566 5476
1000 244 1405 344 ...xpm—¹

332 486 434 540 rorans
453 461 616 531 eorundem
635 458 740 528 eaedm
759 480 795 526 ac
813 457 927 526 rmnae.
967 455 1030 524 aar
1049 459 1126 524 nihil
1152 477 1247 542 seque
1270 457 1374 522 mirari
1397 457 1568 542 quempiam
1591 457 1712 534 subeat,
1741 473 1833 540 qmm
1857 456 1940 522 arde
1964 455 2041 522 haee

333 577 420 634 tanta
437 568 529 640 luerit
546 586 601 650 per
618 565 708 630 haece
726 564 828 630 turbas
846 565 880 626 in
905 563 1040 624 omnium
1067 563 1175 626 animis
1199 563 1318 644 imperii
1335 561 1467 625 Romani
1489 561 1678 638 sarmentis,
1702 577 1772 624 cum
1797 562 1934 642 gramme
1953 561 2043 624 multi

334 669 457 753 singulis
475 671 509 732 in
533 669 607 732 locis
632 669 796 732 existerent
818 682 953 728 summae
967 663 1131 744 ,diguitatis
1155 664 1359 740 affectatores,
1389 662 1460 726 hoc*
1473 668 1575 726 tamen
1599 662 1736 726 omnihus
1760 662 1934 745 pessumum
1953 671 2042 739 esset

334 792 428 844 unam
448 791 512 836 esse
531 769 703 854 Imperium,
724 767 804 850 quod
823 765 928 829 divelli
946 785 1002 830 nea
1021 774 1130 848 posset,
1151 786 1207 829 noc
1225 767 1287 828 ulla
1306 766 1423 828 refluae
1442 764 1553 828 liceret.
1655 817 1658 825 .

433 874 516 939 Inter
534 879 671 936 auctores
694 888 796 932 rerum
818 863 969 950 gestam
992 869 1091 952 primo
1118 869 1184 932 loco
1209 869 1357 931 nominari
1381 872 1500 949 oportet
1518 866 1658 930 aunan
1684 865 1848 945 Carsium,
1878 869 1932 950 qui
1949 867 2042 930 hirto·

335 977 411 1038 riam
430 955 599 1038 Romanam
618 991 714 1054 usqne
733 971 773 1033 ad
792 990 819 1032 a.
840 970 900 1032 229
920 977 953 1034 et
969 968 1132 1052 Imperium
1153 967 1337 1054 Alexandri
1356 969 1470 1032 Seueri
1494 968 1635 1046 deduxit,
1665 988 1735 1031 enm
1759 968 1832 1032 alihi
1855 989 1918 1032 non
1943 978 2041 1032 conte·

334 1077 491 1154 mnendus,
510 1084 577 1138 tum
594 1076 628 1137 in
647 1071 706 1136 hac
718 1073 823 1155 operis
842 1079 929 1156 parte
948 1073 1034 1134 testis
1052 1073 1318 1154 locupletissimus,
1338 1089 1398 1153 qua
1419 1071 1491 1154 qnid
1509 1073 1574 1154 ipse
1592 1069 1703 1133 viderit
1721 1077 1753 1133 et
1772 1089 1844 1134 raro
1865 1073 1957 1160 ctiam
1977 1089 2042 1153 ege·
2073 1153 2075 1158 Α

334 1181 386 1264 rit,
404 1179 568 1259 descripsit.
609 1173 671 1238 Sed
691 1175 771 1256 ejus,
801 1182 946 1259 utsupra
965 1174 1079 1238 motam
1099 1181 1159 1252 est,
1179 1175 1331 1258 epitomen
1350 1173 1558 1236 tantummodo
1577 1173 1719 1253 tegimus,
1747 1172 1854 1236 alitem
1873 1173 1958 1238 illam
1977 1173 2043 1256 qui-
2131 1179 2138 1188 '

335 1281 415 1358 dem,
433 1279 486 1342 sed
506 1276 581 1340 nihil
601 1276 639 1340 ad
658 1296 765 1340 verum
784 1277 922 1339 Dionem.
962 1275 1069 1358 ltaque
1088 1277 1216 1359 saepius,
1237 1293 1328 1357 mam
1347 1273 1481 1356 alioquin
1500 1293 1575 1356 opus
1594 1281 1682 1348 esset,
1702 1273 1921 1357 respiciendum
1939 1275 2044 1338 estad

334 1380 575 1454 maturanum,
606 1379 659 1460 qni
678 1385 710 1440 et
728 1379 792 1460 ipsc
813 1378 926 1440 Graeco
945 1385 1014 1441 octo
1032 1377 1117 1440 libris
1137 1376 1293 1439 historiam
1313 1375 1352 1440 59
1379 1395 1540 1452 annorum,
1571 1374 1609 1436 ab
1635 1376 1722 1438 initio
1747 1376 1835 1456 hujus
1849 1375 1971 1460 periodi
1989 1395 2042 1439 uo·

271 1557 272 1564 ¹
334 1489 431 1560 strae,
455 1483 476 1543 i.
497 1501 523 1543 c.
545 1499 562 1542 a
582 1477 642 1542 fine
661 1479 735 1561 Imp.
756 1479 867 1558 hlarci,
891 1499 985 1561 usqua
1006 1479 1044 1540 ad
1063 1479 1185 1540 initium
1203 1479 1287 1541 tertii
1306 1463 1452 1541 Gordiani
1470 1479 1513 1539 ita
1532 1476 1704 1558 descripsit,
1733 1484 1770 1540 ut
1787 1477 1933 1540 lectorum
1951 1477 2043 1540 hone·

212 1614 216 1620 ·
335 1591 403 1646 stae
420 1583 610 1648 delectationi
629 1583 723 1664 magis
742 1600 834 1665 quam
860 1582 1038 1644 accuratiori
1064 1581 1273 1642 hhtoricorum
1297 1580 1395 1642 studio
1421 1579 1602 1642 comnlnime
1626 1577 1794 1657 videretur,
1823 1597 1922 1660 neque
1941 1585 2045 1642 umen

335 1703 437 1746 rerum
461 1683 553 1746 iidem
577 1682 748 1765 negligeret.
790 1683 867 1750 ‚Jam
894 1703 967 1745 vero
986 1680 1163 1744 Latinorum
1187 1682 1367 1766 scriptorum
1391 1684 1528 1764 (praeter
1547 1661 1725 1764 Eutropium
1752 1687 1785 1744 os
1805 1679 1963 1758 Victores)
1988 1681 2044 1750 soli

333 1784 512 1868 scriptores
530 1783 688 1848 meamus
706 1786 872 1868 Augustae
890 1792 1010 1866 praesto
1029 1792 1115 1862 snut,
1143 1784 1182 1846 de
1207 1785 1314 1867 quihm
1339 1784 1463 1864 singulis
1487 1783 1514 1845 si
1538 1781 1597 1846 hoc
1621 1782 1687 1846 loco
1712 1801 1864 1866 exponere
1887 1781 2063 1860 vellemne·

334 1888 414 1970 justo
432 1886 548 1968 longior
567 1886 729 1969 disputatio
748 1892 826 1950 esset
846 1885 1038 1951 instituenda.
1079 1885 1142 1948 Sed
1161 1886 1220 1950 hoc
1239 1885 1349 1949 addere
1374 1886 1484 1963 debeo,
1509 1883 1591 1966 quod
1616 1884 1668 1946 diu
1686 1884 1840 1948 verrendis
1858 1883 1941 1948 hisce
1957 1885 2044 1948 lihris

334 1987 517 2050 intellexisse
537 1988 613 2050 mihi
631 1987 752 2066 videor,
783 2007 963 2071 magnopere
989 1987 1053 2050 falti
1073 1987 1271 2062 Salmasinm,
1302 1988 1355 2066 qui
1378 1986 1534 2068 opinetur,
1564 1985 1699 2046 omnium
1722 1985 1940 2068 Imperatorum
1964 1989 2043 2052 vitea

334 2109 429 2170 usque
458 2089 496 2151 ad
521 2089 727 2152 Alexandrum
751 2089 898 2151 Severum
927 2088 965 2150 ab
995 2108 1056 2150 nno
1084 2089 1231 2170 scriptore
1254 2085 1347 2148 Aelio
1371 2084 1550 2167 §portiana
1574 2084 1766 2168 Lampridia
1795 2087 1943 2170 proiectas
1970 2109 2043 2152 esse.

216 2247 220 2261 ,
333 2187 412 2252 Nam
430 2192 457 2252 si
476 2193 543 2272 quis
562 2189 654 2254 mlam
673 2191 737 2254 vim
755 2190 788 2250 iu
808 2189 978 2272 hujusmodi
997 2188 1086 2252 rehus
1104 2188 1216 2272 judicic
1234 2188 1361 2269 legentis
1379 2188 1511 2250 mihuere
1530 2187 1621 2264 velit,
1649 2187 1783 2270 prolecto
1803 2190 1953 2266 inveniet,
1978 2197 2044 2252 tau·

333 2297 400 2354 tum
419 2311 483 2354 esse
503 2291 662 2352 discrimen
680 2291 765 2380 iuter·
779 2291 874 2368 vites,
904 2309 982 2374 quae
1001 2289 1056 2354 auh
1075 2291 1198 2352 nomine
1216 2287 1381 2371 Lampridii
1399 2290 1536 2350 feruntur
1555 2290 1722 2371 (imprimis
1741 2289 1916 2368 Commodi,
1941 2291 2043 2354 Helio-

330 2391 432 2476 gabali
451 2400 483 2457 et
500 2391 667 2456 Alexandri
686 2391 829 2471 Severi),
856 2399 888 2454 et
907 2393 987 2454 inter
1006 2411 1071 2472 eas,
1090 2395 1174 2473 lquac
1194 2391 1354 2475 Spartiano
1374 2389 1562 2467 tribuuntur,
1591 2397 1627 2452 nt
1645 2390 1777 2474 ejusdem
1797 2394 1927 2456 auctoris
1946 2401 2043 2458 utrae·

335 2513 394 2576 quc
414 2513 478 2558 esse
497 2500 656 2576 nequeant.
697 2491 847 2556 Nimirum
865 2493 1063 2576 Spartianus
1081 2493 1239 2558 mediocris
1258 2501 1305 2558 est
1323 2493 1460 2576 scriptor,
1479 2491 1689 2572 Laasprids'us
1707 2494 1867 2576 pessimuss
1897 2495 1935 2558 de
1952 2494 2043 2560 lulio

336 2595 522 2675 Capitolina
543 2598 576 2658 in
595 2595 757 2678 harperto
776 2615 837 2658 non
862 2615 984 2674 mouso,
1011 2584 1170 2678 quominus
1189 2596 1272 2658 vitae
1292 2595 1471 2671 Pertinacis,
1496 2593 1601 2658 Albini
1620 2601 1652 2658 et
1670 2594 1797 2658 Macrini
1816 2595 1859 2658 ah·
1873 2617 1910 2660 en
1929 2595 2043 2680 abjudi-

335 2703 491 2760 centuret
504 2698 664 2782 Spartiauo
685 2691 884 2780 apponantur,
904 2699 988 2781 eujus
1006 2698 1154 2778 scabendi
1174 2699 1277 2778 generi
1296 2697 1631 2760 maximenonveniunt
1671 2696 1773 2760 Ceteri
1791 2700 2044 2781 scriptorcssunt,

334 2799 372 2862 de
393 2798 500 2881 quihus
520 2801 609 2881 vulgo
629 2801 786 2874 convenit,
805 2799 914 2862 Julius
934 2799 1154 2878 Capitdhsrm,
1180 2801 1233 2878 qui
1251 2800 1380 2863 duorum
1397 2798 1632 2864 Maximinorum
1652 2799 1766 2883 (patris
1785 2800 1925 2881 attilii),
1950 2804 2042 2864 trium

228 2889 235 2898 ¹
334 2901 553 2964 Gordianorum
573 2909 605 2964 et
624 2899 751 2964 Maximi
770 2906 802 2960 et
820 2899 939 2962 Balbini
957 2899 1036 2962 vitas
1054 2900 1137 2982 jussu
1156 2897 1348 2960 Constantini
1366 2899 1496 2979 Augusti
1514 2901 1741 2976 conmrcinasit,
1772 2902 1948 2964 metamor
1965 2903 2042 2962 Pol·

278 3073 282 3080 ,
333 3001 395 3080 lia,
416 3004 469 3084 qui
488 3001 651 3080 Valeriani,
671 3003 821 3078 Gallieni,
843 3004 965 3082 triginta
984 3008 1184 3080 tyrannorum
1203 3007 1235 3060 et
1254 3000 1318 3061 divi
1337 2997 1456 3060 Claudii
1474 3017 1522 3058 ree
1541 3007 1638 3078 gestas
1664 2999 1770 3060 litteris
1789 2997 1935 3076 prodidit,
1959 2995 2040 3058 deui-

266 3140 270 3146 ·
335 3122 394 3184 que
412 3103 461 3179 Fr.
483 3103 522 3168 V
517 3105 653 3183 muas,
674 3104 782 3164 ceteris
801 3102 978 3178 amaratior,
998 3102 1082 3184 cujas
1100 3101 1182 3164 ritae
1200 3105 1272 3160 aunt
1288 3097 1460 3174 Amelisni,
1479 3096 1592 3173 Tamti,
1610 3095 1712 3173 Probi,
1730 3094 1803 3158 Cari
1822 3102 1853 3158 et
1873 3103 2040 3160 ceterorum

335 3204 399 3286 ejus
417 3205 561 3284 temporis
580 3210 787 3282 tyrannorum.
922 3261 926 3268 ,

434 3302 492 3364 liic
510 3301 712 3364 Diocletiani
730 3311 865 3386 tempora
885 3305 1045 3384 ingressos,
1070 3297 1195 3364 Latinae
1213 3300 1332 3364 litterae
1350 3317 1405 3363 uus
1424 3297 1651 3382 derelinquunt,
1676 3319 1732 3364 neo
1751 3307 1914 3384 suppetant
1932 3303 2041 3367 Graeci

334 3405 502 3488 scriptores.
543 3403 687 3484 Superest
702 3404 821 3488 quidem
842 3405 997 3480 Zaaimua,
1016 3404 1069 3486 qui
1083 3424 1153 3476 cum
1173 3421 1276 3467 cauam
1294 3403 1422 3466 labentis
1441 3410 1473 3467 et
1486 3406 1639 3488 pereuntis
1658 3402 1777 3488 imperii
1796 3403 1925 3470 Romani
1945 3387 2040 3491 expli·

335 3526 403 3570 oare
423 3513 455 3568 et
473 3524 491 3566 a
510 3501 669 3567 'theodosii
688 3513 785 3569 morte
804 3510 900 3599 justae
918 3507 1060 3569 historiae
1079 3507 1200 3568 initium
1218 3505 1317 3569 iacere
1335 3507 1494 3588 voluisset,
1516 3507 1605 3568 nimir
1625 3507 1686 3570 alte
1705 3527 1776 3570 rem
1788 3515 1927 3590 repetens
1944 3517 2041 3573 totam
2153 3523 2157 3531 ·

333 3605 491 3673 historiam
509 3601 678 3668 itomanam
698 3612 858 3686 cremavit,
877 3611 922 3672 ita
941 3615 977 3670 nt
995 3629 1056 3690 spuo
1075 3609 1197 3691 propius
1216 3627 1287 3671 suae
1306 3610 1399 3672 aetati
1417 3609 1536 3672 veniret
1553 3609 1594 3690 (i.
1615 3628 1641 3672 e.
1665 3609 1817 3672 meantum
1835 3630 1866 3693 p.
1887 3611 1958 3674 cha
1978 3601 2040 3676 nat

294 3747 297 3755 ·
332 3710 493 3796 galatum)
515 3709 662 3791 copiosior
680 3709 774 3772 tieret.
813 3710 919 3793 Itaque
934 3710 1043 3793 primo
1062 3708 1139 3771 lihro
1157 3711 1294 3772 omnium
1312 3709 1530 3795 Imperatorum
1549 3731 1644 3794 usque
1663 3711 1701 3774 ad
1721 3711 1942 3776 Diocletianum
1962 3715 2040 3776 vitas

333 3831 492 3894 moresque
511 3810 642 3874 breviter
661 3811 813 3894 designat,
844 3813 951 3878 altera
976 3813 1120 3896 temporis
1145 3811 1365 3876 multominus
1388 3813 1534 3898 spatium,
1561 3813 1600 3874 75
1620 3833 1782 3892 annornm,
1810 3813 2040 3890 aDiocletiane

334 3935 431 3998 nsque
460 3914 499 3976 ad
522 3911 675 3976 talianum
700 3913 859 3978 Caesarem
888 3914 1072 3979 declaratum
1100 3933 1127 3977 a.
1152 3913 1212 3976 355
1240 3915 1395 3994 describit,
1414 3915 1529 3994 ‚tertio
1554 3913 1666 3977 Juliani
1695 3922 1727 3978 et
1749 3915 1870 3980 Joviaui
1894 3923 2041 4003 tempora,
2067 3947 2072 3959 =

333 4025 455 4101 quarto
483 4015 605 4078 tandem
635 4007 674 4078 ad
698 4015 858 4080 Theodosii
887 4024 1015 4080 mortem
1047 4023 1079 4079 et
1107 4017 1228 4080 initium
1253 4038 1416 4101 puerorum
1440 4015 1564 4080 Arcadii
1590 4023 1622 4080 et
1640 4015 1767 4080 Houorii
1786 4019 1873 4102 quasi
1891 4029 2039 4104 penetrat.

223 4158 226 4166 ·
334 4119 396 4184 Sed
417 4119 503 4182 malo·
516 4118 647 4201 quodam
665 4138 736 4182 casa
754 4120 831 4200 (nisi
850 4119 928 4183 torte
946 4119 979 4182 id
998 4106 1137 4182 consulto
1154 4137 1172 4182 a
1194 4119 1323 4183 librariis
1341 4119 1521 4184 Christianis
1545 4119 1658 4182 iactum
1682 4119 1825 4200 dicimus)
1850 4123 1893 4185 ila
1919 4125 2039 4201 accidit,

332 4230 370 4285 nt
393 4221 462 4283 finis
487 4221 556 4282 libri
575 4221 591 4282 1
615 4227 646 4283 et
669 4221 791 4284 initium
813 4221 882 4283 libri
900 4221 946 4298 11,
967 4241 1027 4304 quo
1046 4221 1113 4284 loco
1132 4220 1314 4286 Diocletiani
1333 4222 1494 4304 imperium
1513 4220 1693 4304 descriptum
1712 4228 1791 4301 erat,
1822 4226 1959 4307 perieritr
1983 4228 2039 4288 ita·

334 4343 394 4406 gae
413 4324 446 4384 in
465 4322 523 4386 hac
541 4322 714 4406 perimima
734 4323 877 4387 historiae
896 4331 982 4407 parte
1007 4344 1127 4407 prorsus
1154 4323 1193 4385 ad
1212 4323 1351 4410 Eutropii
1377 4332 1409 4390 ct
1433 4324 1588 4407 utriusque
1606 4323 1737 4388 Victoria
1756 4333 1788 4388 et
1806 4325 1941 4412 Zonsrm
1960 4346 2038 4390 com·

333 4425 444 4510 pendia
465 4427 695 4510 conlugiendum
714 4433 768 4488 est
807 4425 876 4488 linc
889 4427 1042 4508 ,imprimis
1061 4425 1265 4510 adjungendus
1284 4433 1331 4491 est
1348 4427 1520 4503 Eusebius,
1545 4428 1701 4510 episcopus
1720 4426 1934 4506 Caesariensis,
1957 4429 2039 4509 priu-

194 4593 201 4600 ,
334 4546 406 4610 ceps
424 4525 568 4592 historiae
586 4529 803 4594 ecclesiasticae
823 4515 935 4612 (usque
955 4529 993 4592 ad
1012 4548 1040 4591 a.
1059 4527 1156 4608 itt),
1189 4549 1250 4591 non
1278 4549 1338 4613 que
1364 4530 1428 4612 ejas
1452 4528 1526 4591 tides
1545 4529 1579 4592 in
1604 4528 1804 4594 descrihendis
1822 4529 2038 4613 imperatorum

334 4631 468 4694 moribus
487 4647 667 4715 magnopere
686 4631 888 4698 commendari
906 4632 1016 4714 possit,
1040 4630 1093 4696 scd
1112 4629 1194 4714 quod
1211 4631 1305 4716 ipsius
1328 4631 1481 4714 religimis
1500 4631 1687 4702 Christianae
1710 4631 1839 4700 secunda
1863 4640 1895 4696 et
1913 4632 2038 4730 adrem
