4566 5476
894 345 1270 416 *rx-„-

227 529 353 608 niumm
373 547 390 592 a
410 523 717 610 quibussiugulemm
734 523 871 605 gentium
889 527 1082 602 acutumque
1102 515 1303 602 coguitionem
1330 520 1468 608 petimus.
1507 521 1575 586 Jam
1595 523 1843 606 primum-Asine
1860 543 1935 608 gon.

228 637 325 710 tisun,
342 630 489 713 imprimis
507 627 743 711 Aegyptiorum,
768 623 938 706 Lydorum,
962 621 1120 684 Medorum
1139 621 1376 705 Persarumque,
1403 623 1529 686 historia
1557 623 1722 690 Herodoti
1740 623 1801 688 fide
1820 628 1935 706 nititur,

228 734 370 820 quidum
390 731 468 794 bella
486 733 565 794 iuter
582 729 714 796 Graecos
734 733 765 788 ct
783 725 889 790 Persas
903 731 990 806 geste
1009 723 1165 802 describit,
1192 745 1257 820 rem
1281 725 1373 815 altius
1398 732 1537 808 repetens
1561 728 1649 790 initia
1674 729 1758 809 regui
1776 727 1936 794 Persarum
2057 775 2059 784 ·

101 817 105 826 ⁵
228 843 260 900 ot
278 836 432 898 historiam
446 832 625 918 populorum
643 829 703 893 illis
722 827 938 911 subjectorum,
962 827 1062 909 quoad
1081 827 1220 910 suijuris
1240 833 1349 904 erant,
1368 830 1557 910 persequitur
1577 810 1748 910 (Lydorum
1767 829 1835 892 libr.
1856 832 1936 909 l,a
2066 797 2080 902 ,⁶

228 959 291 1022 cap.
305 935 428 1014 s-el,
446 935 602 998 Medorum
622 933 687 997 eod.
708 929 774 992 libr.
795 949 859 1012 cap.
875 927 1039 1007 95-130,
1064 929 1286 1012 Aegyptiorum
1303 949 1360 1012 per
1378 937 1477 992 totum
1503 929 1614 992 libmm
1632 931 1829 1011 secandum:
1860 934 1936 996 leuis

228 1048 260 1104 et
278 1039 412 1123 placidus
431 1045 577 1113 narrator,
596 1053 793 1118 quaecunque
813 1038 866 1094 aut
884 1031 1078 1114 comperisset
1097 1038 1152 1093 eut
1170 1031 1235 1113 ipse
1254 1031 1378 1094 vidisset
1396 1032 1523 1113 benigue
1543 1033 1629 1114 quasi
1653 1033 1827 1114 impertiens
1846 1034 1935 1098 lectu-

228 1141 310 1204 ribus
328 1142 406 1217 suis,
436 1148 468 1202 et
492 1139 597 1222 procul
620 1141 754 1200 remeius
778 1153 796 1196 a
821 1133 989 1215 suspicione
1016 1138 1174 1214 eomuptue
1201 1133 1360 1198 veritatis„
1385 1133 1494 1197 Cetera
1514 1134 1552 1195 de
1571 1134 1698 1216 imperio
1718 1132 1876 1198 Persarum
1896 1157 1937 1200 ex

228 1243 384 1308 Diodoro
399 1248 559 1324 petuntur:
579 1239 617 1302 de
635 1239 700 1302 vila
720 1244 751 1298 et
770 1235 857 1298 rebus
876 1235 967 1314 gestis
985 1233 1164 1298 murem
1184 1231 1213 1294 11
1232 1255 1256 1296 s.
1270 1233 1438 1298 Mnemnnis
1456 1235 1612 1316 singularis
1631 1235 1749 1298 libellus
1761 1235 1937 1300 Plutarchi

230 1350 328 1408 extat:
350 1344 572 1426 expeditionem
591 1339 824 1420 Cpriminoris,
842 1324 957 1418 laydiae
976 1343 1123 1418 satrapae,
1144 1341 1250 1398 contra
1269 1335 1481 1417 beneragam,
1500 1337 1624 1400 hatrem
1636 1357 1747 1416 suum,
1766 1359 1784 1401 e
1803 1340 1937 1423 locuple·

229 1447 338 1508 thsind
355 1446 440 1506 testis
459 1441 681 1523 Xenophontis
700 1439 783 1502 libris
803 1443 918 1520 septem
936 1436 1124 1504 Anubuseos
1149 1438 1367 1516 cognoscimus,
1395 1437 1490 1500 multa
1516 1440 1671 1502 etiamen
1691 1439 1872 1504 Graecarum
1891 1463 1936 1506 re-

230 1567 299 1612 rum
318 1544 510 1634 scriptoribus
530 1543 718 1625 colliguntur,
736 1561 798 1612 non
818 1540 888 1602 data
907 1557 1014 1621 opera,
1039 1538 1092 1603 sed
1112 1539 1351 1620 quotiescunque
1368 1539 1477 1606 reeitu
1501 1539 1624 1617 tulerat,
1649 1559 1698 1602 res
1717 1540 1873 1605 Persarum
1893 1551 1936 1605 at·

231 1648 421 1732 tingentibus
460 1645 538 1713 Num
559 1645 640 1726 quod
658 1643 740 1706 idem
757 1641 936 1720 Xenophon
954 1639 1104 1720 singulare
1123 1659 1204 1726 opas·
1217 1639 1255 1702 ds
1269 1638 1344 1720 Gyri
1364 1640 1518 1722 (majoris)
1541 1642 1603 1703 sita
1623 1645 1799 1725 composuit,
1819 1663 1855 1706 eo
1869 1661 1937 1708 oon.

232 1758 292 1832 slot
310 1753 486 1834 scriptorem
504 1755 566 1814 nob
585 1745 728 1808 heroem
747 1743 838 1806 tidem
857 1749 993 1804 mentum
1012 1761 1092 1820 esse,
1117 1743 1171 1806 sod
1190 1742 1356 1825 praeceptis
1375 1741 1437 1807 suis
1456 1743 1665 1806 resonarem
1683 1745 1812 1808 voluisse
1839 1749 1938 1808 muci·
1970 1785 1972 1788 -

232 1855 322 1914 liare:
342 1869 383 1912 ex
404 1849 534 1912 Ctesias
553 1845 675 1928 quidem
694 1844 777 1906 libris
796 1863 904 1905 rernm
916 1842 1095 1907 Persarum
1113 1843 1191 1904 nihil
1210 1849 1363 1906 servatum
1381 1847 1436 1920 est,
1456 1845 1577 1926 praeter·
1592 1849 1689 1927 pauca
1701 1854 1843 1928 excerpta
1856 1849 1944 1930 apud·

147 1984 153 1992 ·
233 1954 392 2030 Pbotium,
417 1970 479 2016 nou
499 1945 715 2014 mntemnends
733 1945 787 2010 illa
803 1943 942 2030 quidem,
966 1943 1020 2008 sed
1038 1943 1170 2010 incertae
1188 1942 1275 2026 fidei,
1299 1963 1384 2022 cnm,
1404 1946 1510 2010 ueteris
1530 1947 1701 2031 deperditis,
1721 1949 1850 2012 auctoris
1869 1943 1936 2013 lu'ce

235 2064 363 2122 careant.
953 2061 969 2072 ”
1007 2063 1011 2070 ’
1051 2061 1057 2070 ”
1211 2062 1216 2074 ’
1924 2075 1936 2097 ·

335 2159 537 2224 Graecorum
559 2173 607 2222 roa
631 2164 729 2240 gestas
753 2157 1117 2242 ipsirscriptures'tlraeei
1141 2157 1304 2224 memoriae
1327 2154 1530 2237 tradiderunt,
1558 2155 1691 2242 quorum,
1710 2155 1800 2220 nemo
1827 2163 1938 2234 umen,

235 2263 288 2346 qai
308 2260 430 2344 quidam
448 2261 540 2324 hodic
558 2268 727 2344 supersunt,
746 2263 917 2326 misenam
937 2263 1034 2344 gentis
1050 2263 1211 2325 historim
1230 2261 1421 2344 conscripsit:
1433 2261 1604 2344 plurimum
1623 2261 1712 2343 spatii
1731 2258 1939 2343 complectitur

149 2441 159 2458 ¹
236 2364 450 2441 Plutarchus,
481 2364 535 2446 qui
553 2364 631 2427 vitas
650 2363 864 2426 excellentium
887 2365 1021 2427 virorum
1041 2372 1073 2427 et
1092 2366 1276 2428 Greecorum
1295 2371 1326 2426 et
1343 2363 1565 2440 Romeuomm,
1590 2362 1751 2425 seeundum
1771 2361 1938 2424 similitudi·

234 2487 288 2530 nes
308 2467 452 2550 quasdam
472 2473 672 2548 comparatas,
691 2465 864 2550 descripsit,
883 2466 1067 2548 Graecorum
1086 2467 1208 2549 quidem
1224 2473 1368 2549 quattuor
1387 2473 1419 2528 et
1437 2465 1544 2548 viginti
1552 2464 1598 2546 ,'a
1617 2463 1732 2528 Theseo
1751 2471 1785 2526 et
1801 2461 1939 2546 Lycurgo

234 2583 329 2651 nsque
349 2569 385 2631 sd
407 2567 678 2650 Philopoemenem,
699 2587 789 2651 quem
808 2569 872 2651 ipse
892 2567 1074 2631 Graecorum
1093 2568 1232 2630 ultimum
1252 2569 1400 2652 appellat,

333 2669 451 2734 Primo
469 2670 627 2733 moriae
642 2660 798 2752 periodus
817 2689 912 2752 usque
931 2671 969 2732 ed
989 2671 1119 2732 reditum
1137 2671 1380 2750 Heredidaruru,
1404 2671 1502 2753 gentis
1520 2669 1659 2732 inim-ee
1678 2669 1762 2752 quasi
1781 2667 1941 2750 pueritiam

238 2771 401 2846 continens,
419 2776 576 2852 pottamm
595 2770 702 2834 ubuhs
721 2773 764 2834 ita
784 2779 930 2833 exornate
949 2779 1006 2848 est,
1025 2779 1061 2832 ut
1077 2772 1189 2834 irrutra
1207 2772 1373 2851 laboraret,
1392 2774 1446 2854 qni
1465 2791 1565 2834 rerum
1585 2771 1745 2833 vamtatem
1766 2769 1803 2830 ab
1822 2771 1941 2850 ingenio

239 2877 394 2933 auctorum
414 2877 551 2931 accurate
570 2872 738 2932 &munere
755 2870 859 2928 vellet.
898 2871 960 2927 Sed
978 2871 1006 2926 si
1024 2873 1092 2944 quis
1111 2881 1269 2946 propterea
1289 2888 1484 2946 Quocunque
1508 2873 1546 2928 sle
1564 2871 1653 2929 rebus
1671 2871 1761 2948 gestis
1781 2888 1817 2929 ac
1835 2871 1943 2948 migra·

238 2968 369 3034 tionibus
387 2970 552 3050 priscumm
572 2969 702 3030 heroum
718 2965 828 3026 tradita
853 2971 940 3040 sant,
970 2951 1125 3045 umquam
1150 2963 1222 3026 ficta
1247 2966 1352 3047 procul
1369 2965 1415 3028 ab
1440 2965 1564 3028 historia
1590 2967 1772 3038 removenda
1797 2979 1942 3048 moueret,

237 3087 422 3154 magnopere
434 3067 598 3145 luderetur,
618 3074 649 3128 et
665 3065 832 3141 ,buteriam
853 3081 943 3146 quam
964 3065 1055 3126 vellet
1073 3085 1092 3127 a
1113 3065 1218 3128 lrbulis
1233 3075 1375 3148 purgare,
1390 3065 1569 3130 firmissimis
1581 3067 1780 3132 fundamentis
1799 3072 1941 3152 privaret

238 3173 344 3254 Neque
353 3171 501 3234 enimista
517 3177 587 3232 sunt
599 3155 917 3252 pottarumhgmeuta,
938 3167 992 3228 sed
1000 3167 1088 3229 initia
1096 3165 1247 3245 historiae,
1267 3187 1336 3229 cum
1346 3168 1459 3230 Graece
1469 3173 1542 3250 geris
1557 3169 1616 3232 boc
1630 3175 1704 3233 'aute
1724 3179 1846 3249 ceteras,
1859 3183 1941 3255 'quas
1977 3235 1981 3240 ,

237 3275 386 3348 novimus,
404 3289 508 3334 omues
526 3272 720 3354 praecipuum
739 3267 872 3342 baberet,
893 3267 975 3350 quod
992 3268 1099 3350 singuli
1119 3269 1221 3348 populi
1241 3275 1272 3330 et
1291 3271 1429 3332 deitate
1442 3272 1587 3352 originem
1606 3291 1689 3334 suam
1709 3276 1850 3336 motinus
1870 3295 1942 3356 qua·

238 3379 308 3440 dam
326 3372 521 3437 traditionum
539 3372 617 3436 serie
635 3379 667 3434 et
686 3369 1009 3435 comtantihominnm
1022 3373 1213 3452 mansione
1235 3391 1275 3433 ex
1294 3371 1401 3434 ultima
1412 3374 1591 3455 antiquitate
1602 3375 1786 3457 repetebant,
1807 3379 1859 3458 qui
1875 3378 1942 3442 lons
2047 3435 2050 3438 .

237 3495 401 3559 numquam
421 3473 583 3536 exhamtus
603 3479 635 3536 et
654 3475 746 3558 epicis
766 3481 798 3537 et
815 3473 935 3553 tragicis
953 3473 1050 3556 pottis
1070 3473 1215 3566 insignem
1235 3473 1351 3556 cupium
1365 3481 1607 3557 argumentorum
1626 3477 1772 3558 praebuit,
1793 3497 1871 3560 quae
1890 3499 1965 3542 exn
2102 3475 2113 3558 J

237 3583 384 3666 ptinerent
403 3583 435 3639 et
453 3576 572 3656 ingenio
591 3595 645 3638 suo
665 3581 855 3638 cremarent.
894 3573 981 3636 Hauc
999 3575 1090 3656 igitur
1108 3575 1250 3639 historiae
1270 3583 1386 3659 partem
1404 3573 1471 3639 tuin
1491 3597 1531 3640 ex
1550 3577 1623 3660 ipsis
1641 3581 1767 3665 poitis,
1793 3581 1942 3663 imprimis

238 3684 394 3756 Homero,
412 3685 480 3740 tam
498 3697 572 3741 vero
593 3695 633 3758 ex
650 3676 839 3759 Apollodori
858 3675 1053 3738 bibliotheca
1071 3677 1215 3756 mythico
1235 3679 1402 3759 ueterisque
1419 3680 1661 3761 nrptlrogruptis
1680 3681 1791 3760 (etiam
1812 3683 1942 3746 Diodori

240 3785 315 3848 libro
335 3781 463 3864 quarto)
484 3779 661 3862 colligimus,
678 3779 828 3862 permulta
847 3779 938 3840 etism
951 3776 1139 3840 Pausanias
1157 3778 1339 3860 suppeditet,
1360 3780 1413 3861 qui
1432 3799 1501 3842 eam
1519 3781 1615 3862 altero
1634 3789 1703 3864 post
1715 3783 1870 3847 Christum
1889 3803 1940 3846 nu·
2058 3797 2066 3812 ·

242 3891 308 3948 tum
325 3883 442 3947 saeculo
462 3880 509 3962 (a.
525 3879 602 3962 174)
623 3881 766 3944 Graedae
786 3880 1013 3964 descriptionem
1031 3877 1136 3942 decem
1155 3879 1237 3941 libris
1256 3889 1459 3963 componeret,
1479 3882 1512 3943 id
1524 3883 1676 3964 imprimis
1695 3887 1770 3966 egit,
1790 3894 1825 3947 ut
1844 3904 1941 3948 remo·

243 3985 372 4048 tissimus
390 3984 577 4067 antiquitatis
595 3983 720 4064 sesdgia
739 3989 979 4062 recognosceret.
992 3980 1226 4063 memoriamque
1250 3989 1417 4047 moereret.
1455 3981 1645 4063 Phstcrodi,
1670 4005 1760 4066 quem
1778 4005 1867 4068 supra
1886 4005 1940 4052 no·

242 4083 437 4156 miravimus,
448 4102 487 4148 ex
506 4085 564 4148 hac
583 4085 710 4170 periodo.
724 4085 789 4151 viu
808 4089 854 4146 ert
871 4081 989 4145 nunu.
1268 4097 1271 4102 ·
1945 4112 1956 4149 r

341 4183 454 4256 Adero
468 4187 633 4268 periodus,
652 4187 768 4254 tuens
787 4186 849 4268 pm
867 4203 887 4246 a
905 4185 1002 4267 pottis
1021 4197 1078 4248 nec
1095 4191 1197 4248 umen
1217 4185 1410 4252 lucenam
1427 4188 1618 4273 scriptoribus
1636 4188 1789 4271 frequens,
1804 4191 1840 4274 si
1859 4199 1941 4256 recte
2030 4185 2035 4192 ’

242 4287 451 4368 intelligimus,
475 4289 509 4350 in
531 4291 644 4372 maiore
669 4290 761 4352 etiam
780 4287 965 4351 obscuritate.
982 4295 1126 4350 serrator.
1166 4287 1245 4351 Nam
1274 4309 1343 4354 cum
1366 4292 1454 4355 valde
1479 4293 1631 4374 cupiamus
1650 4288 1688 4350 de
1706 4275 1940 4374 rebuspnblicis

242 4396 308 4454 tots
326 4387 456 4454 Graecia
472 4388 614 4472 institutis
632 4391 730 4472 deque
747 4391 840 4454 ramis
858 4407 962 4451 earum
980 4389 1083 4454 lormis
1107 4391 1224 4468 doceri,
1257 4405 1405 4476 uusqutrm
1430 4393 1501 4456 aliid
1524 4397 1609 4453 lanta
1633 4392 1759 4473 pennus
1784 4401 1941 4458 auctorum

241 4493 425 4555 laboramus:
457 4509 536 4550 uuas
553 4489 741 4560 Herodotus
758 4498 820 4567 αἱ,
841 4493 894 4572 qui
914 4493 1005 4556 etiam
1024 4492 1103 4560 bauo
1122 4492 1416 4578 bitume-putem,
1441 4511 1497 4553 nec
1516 4498 1617 4554 tamen
1635 4493 1698 4555 tere
1716 4493 1775 4555 nisi
1793 4493 1950 4560 haoedae.

175 4573 191 4598 “
242 4595 412 4656 munierum
430 4597 464 4655 et
480 4589 759 4657 Atbeuicusiamut
776 4591 1002 4657 Corinthiorum
1021 4615 1084 4671 res,
1103 4594 1278 4676 trequentes
1296 4614 1318 4655 r
1334 4592 1478 4676 peculiari
1496 4601 1670 4674 argumento
1689 4615 1744 4658 mo
1758 4597 1938 4678 digrediens,

242 4695 380 4764 urnrrss
404 4691 506 4772 tunc
524 4691 888 4787 pettindtotusfernrc
905 4695 988 4763 iter
1006 4697 1154 4777 painters
1173 4703 1336 4779 peruerse,
1357 4700 1391 4762 ut
1409 4693 1600 4762 notabiliores
1620 4695 1700 4762 locos
1717 4697 1849 4779 barlen,
1869 4700 1939 4762 vida

1503 4799 1517 4832 0
1528 4799 1542 4830 1
