4566 5476
104 569 117 584 .
241 523 342 586 aChr.
375 545 400 586 a.
413 545 436 588 e.

255 613 319 682 ott
373 617 435 685 437
477 611 579 686 Coss.¹
593 566 635 683 Β.
661 613 836 686 Cornelius
856 613 1037 696 Lentulum,
1068 615 1109 706 (l.
1132 613 1305 685 Publilius
1321 569 1439 684 'Prota
1457 561 1536 705 ll.)
1581 617 1833 713 Palaepolitanis
1862 643 1934 714 pro-
2065 635 2069 640 “
2134 583 2137 590 ¹
2278 575 2279 582 i

1314 273 1526 320 hilp

960 372 966 386 ἱ

908 369 1326 468 *fiam—nl

1025 490 1031 502 κ
1154 479 1160 488 .

1213 531 1218 548 1

542 716 615 798 pter
637 705 705 771 dire
728 714 780 772 tos
795 703 1018 772 Romanorum
1041 705 1075 772 in
1092 703 1270 798 Campania
1294 728 1388 796 agros
1410 705 1534 774 bellum
1557 708 1720 790 indicitur,
1745 710 1837 777 Publ.
1861 731 1934 777 earn
2048 737 2051 745 ¹

543 793 658 860 urbem
682 729 825 874 nisiaea,
859 793 1094 882 redintegratur
1115 795 1213 861 etiam
1239 793 1360 862 bellum
1387 816 1463 861 cum
1485 794 1706 879 Samnitibus,
1737 810 1935 889 quapropter

541 879 640 948 Rom.
657 878 813 948 Lucanos
836 891 870 949 et
891 881 1015 973 Apulos
1037 881 1169 950 taedere
1192 881 1254 949 sibi
1277 883 1465 972 adjungunt.

244 963 317 1033 ,326
354 965 436 1036 438
478 973 571 1044 Coss.
596 969 633 1037 C.
657 967 833 1036 Poetelius
847 966 934 1036 Libo
961 967 1002 1037 V
998 969 1072 1036 isol.
1086 968 1141 1050 Il,
1155 968 1206 1037 Β.
1230 969 1399 1056 Papirius
1421 968 1668 1058 Mugillanus.)
1714 971 1753 1058 Q.
1778 971 1933 1052 Publilio,

543 1057 597 1124 eni
619 1055 725 1149 primo
747 1056 921 1149 imperium
943 1067 1151 1149 prorogatum
1175 1068 1234 1138 est,
1257 1057 1384 1126 deditur
1405 1051 1607 1150 Palaepolis,
1632 1061 1785 1150 idemque
1809 1061 1933 1152 primus

543 1155 615 1213 acto
637 1143 761 1213 honore
782 1143 971 1236 triumphat
1014 1143 1141 1212 Romae
1163 1144 1236 1235 loge
1259 1169 1276 1212 a
1300 1146 1393 1214 Coss.
1418 1145 1483 1212 tata
1508 1158 1656 1228 cavetur,
1687 1171 1728 1215 ne
1752 1149 1825 1260 quis
1850 1147 1933 1214 aeris

541 1232 640 1316 plisni
665 1253 760 1300 consa
784 1241 941 1314 nectatur,
963 1231 1078 1322 utique
1101 1232 1186 1300 bona
1205 1233 1430 1300 tantummodo
1454 1233 1596 1302 obnoxia
1619 1237 1696 1303 sint.
1741 1236 1934 1304 'larentina-

541 1343 614 1389 rum
637 1319 759 1387 artibus
783 1318 905 1388 Lucani
929 1320 969 1386 ab
991 1321 1147 1388 societate
1172 1319 1265 1388 Rom.
1288 1320 1453 1402 deliciunt,
1477 1323 1622 1414 itemque
1645 1323 1784 1392 Vestini.

137 1359 140 1364 ¹
251 1403 317 1473 335
369 1404 435 1474 439
477 1409 568 1480 Coss.
593 1407 635 1475 L.
650 1407 776 1474 I‘lsrias
790 1407 957 1475 Camillam
974 1407 1026 1492 II,
1049 1409 1118 1475 ¹'D.
1131 1408 1254 1475 hunius
1277 1407 1407 1476 Brutus
1422 1408 1593 1496 Scaeva.)
1639 1410 1767 1478 Vestini
1789 1433 1808 1476 a
1832 1408 1934 1476 Bruto

24 1518 30 1528 ¹
484 1571 491 1586 Ι
541 1497 641 1565 Cons.
663 1496 883 1588 profligantur.
928 1495 1021 1564 Alter
1043 1496 1144 1563 Corra.
1174 1496 1288 1564 morbo
1316 1497 1493 1599 implicitus
1524 1498 1714 1566 dictatorem
1738 1500 1783 1564 ad
1808 1498 1934 1564 bellum
2037 1515 2067 1583 J

542 1607 618 1653 cum
639 1583 849 1651 Samnitibus
864 1585 1043 1674 gerendum
1067 1585 1146 1652 dicit
1167 1584 1208 1651 Β.
1235 1583 1415 1672 Papirium
1434 1571 1624 1663 Crarsorbm,
1648 1607 1714 1676 quo
1737 1587 1872 1653 absente
1896 1607 1934 1651 ac

540 1671 675 1740 nolente
698 1673 738 1757 Q.
762 1670 884 1739 Fabius
905 1671 1088 1754 Rullianus,
1112 1671 1197 1762 stag.
1220 1673 1392 1763 Equitum,
1422 1672 1610 1740 felicissime
1633 1697 1708 1740 cnm
1731 1672 1934 1740 Samnitibus
2080 1709 2083 1714 ·

541 1757 696 1846 corrssigit
718 1759 777 1836 sed
800 1781 895 1848 aegre
919 1759 959 1825 ah
980 1761 1064 1852 irato
1087 1759 1172 1826 Diet.
1194 1760 1306 1852 populi
1331 1761 1482 1850 precibus
1506 1762 1715 1828 condonatur.
1791 1763 1795 1774 '

250 1839 316 1912 334
368 1841 435 1911 430
475 1846 518 1916 Β.
540 1847 708 1934 Papirius
731 1845 858 1913 Cursor
889 1845 1000 1931 Dian,
1028 1847 1068 1916 Β.
1098 1847 1265 1934 Papirius
1295 1849 1440 1915 Crassus
1468 1848 1566 1938 Mag.
1596 1849 1740 1938 Equit.)
1785 1846 1948 1917 Dictator.

294 1967 297 1970 ·
539 1932 654 2027 populi
676 1936 768 2022 jussu
791 1936 999 2004 continuasse
1026 1935 1251 2023 magistratum
1273 1937 1416 2015 videtur,
1449 1937 1483 2002 in
1507 1960 1572 2022 qno
1595 1959 1669 2002 cnm
1695 1937 1744 2009 hia
1766 1935 1933 2002 Samnites

540 2021 681 2104 vicisset,
704 2019 852 2090 inducias
875 2029 1000 2089 annuas
1022 2045 1136 2114 pacem
1160 2023 1348 2111 petentibus
1371 2023 1469 2102 dedit,
1517 2025 1629 2092 sennia
1655 2024 1823 2116 imperata.

557 2133 593 2216 .‘
625 2108 796 2216 honoriam
819 2109 853 2213 ip
876 2109 993 2215 Apulia
1016 2109 1143 2215 colonia
1164 2111 1262 2212 ltorn.
1287 2110 1434 2213 adripitur
1462 2047 1514 2213 (V

249 2277 314 2348 333
367 2280 431 2350 431
475 2197 1736 2392 Coshiul'iurliffiieihhhshgrighiiiilshnbpolihllihlsePdPhlliriuiin·Samnites
1762 2265 1966 2366 rebellant]

539 2371 656 2468 Apulis
677 2373 712 2439 in
735 2373 924 2442 societatem
948 2385 1127 2467 pertractrs.
1468 2409 1471 2416 ,
1671 2455 1674 2462 ¹
1958 2385 1962 2398 ·

494 2453 499 2466 ’
624 2461 813 2542 Tusculani,
837 2462 977 2530 accusati
1001 2462 1144 2530 aFlavio
1166 2462 1240 2529 trib.
1263 2461 1320 2568 ph,
1343 2461 1432 2553 qnod
1455 2465 1567 2530 eorum
1592 2483 1689 2550 opera
1715 2458 1874 2531 Veliterni
1898 2471 1932 2528 et
2044 2541 2048 2550 Ι

211 2593 223 2600 -
540 2549 745 2618 Privernates
768 2546 892 2616 bellum
913 2571 956 2639 po
981 2549 1037 2616 ulo
1058 2549 1155 2616 Rom.
1179 2550 1324 2628 iecerint,
1347 2573 1365 2615 a
1387 2572 1462 2642 pop.
1486 2548 1707 2616 absolvuntur.
2023 2545 2029 2562 ‘

191 2645 197 2656 ·
249 2627 314 2695 ott
366 2629 432 2700 433
474 2637 566 2706 Coss·
592 2634 633 2721 O.
658 2633 788 2700 Fabius
811 2635 912 2701 Marc.
936 2573 1133 2716 Iballiuruas,
1156 2636 1196 2703 Β.
1220 2635 1364 2703 milvius
1386 2636 1528 2715 Curvus,
1571 2637 1603 2704 ni
1629 2636 1701 2703 eod.
1725 2659 1753 2700 a.
1777 2635 1932 2703 Tuscula.

397 2725 401 2732 '
506 2737 509 2746 ’
541 2743 657 2788 norum
680 2720 757 2793 Cos.
779 2721 879 2788 luisse
902 2721 1021 2790 dicitur
1042 2747 1061 2790 a
1086 2721 1169 2789 Plio.
1193 2733 1259 2790 nat.
1283 2722 1358 2790 hist
1383 2724 1506 2808 7,43.)
1548 2660 1589 2792 A.
1614 2722 1786 2790 Cornelius
1810 2725 1930 2791 Arvina

540 2808 629 2875 Dior.
652 2810 730 2890 (aut
751 2808 792 2892 Q.
814 2807 935 2873 Fabius
957 2809 1050 2892 Cos,
1074 2809 1116 2875 cf·
1139 2809 1211 2875 Liv.
1228 2811 1266 2888 8,
1283 2811 1327 2875 39
1342 2813 1412 2898 sq.)
1440 2811 1595 2876 acerrimo
1625 2810 1749 2900 proeho
1778 2832 1852 2875 eum
1874 2811 1932 2876 Sa-

541 2894 698 2962 mnitibus
721 2893 877 2981 confligit.
923 2891 1011 2962 Victi
1034 2906 1182 2963 auctores
1199 2893 1404 2963 induciarum
1420 2907 1588 2988 raptamur
1606 2895 1739 2977 dedunt,
1763 2919 1870 2988 neque
1885 2907 1931 2964 ta-

540 2996 617 3049 men
640 3003 754 3073 pacem
776 2981 953 3073 impetrant
974 3004 992 3048 a
1015 2981 1184 3050 Romania.
1425 3001 1428 3012 ·

113 3029 120 3040 .
246 3061 309 3144 321
364 3065 431 3136 433
472 3067 567 3138 Coss.
596 3066 634 3136 Τ.
661 3067 826 3138 Veturius
850 3067 1013 3137 Caluinus
1027 3068 1083 3150 II,
1105 3068 1162 3158 Sp.
1186 3067 1383 3137 Postumius
1396 3068 1540 3138 Albinus
1558 3068 1610 3148 Il,
1632 3069 1665 3137 in
1689 3069 1821 3139 lurcrrlis
1843 3047 1931 3140 Cau·
2010 3035 2012 3044 .

1515 2111 1568 2178 cll.
1592 2112 1727 2192 1,14),
1753 2133 1850 2198 qnam
1880 2133 1932 2176 ve·
1989 2175 2022 2244 Ι,
2077 2195 2082 2203 .

538 3155 631 3224 diuis
651 3155 817 3248 occupati,
840 3157 1042 3225 exercituum
1066 3156 1307 3226 liberandorum
1330 3179 1442 3238 causa,
1465 3157 1671 3226 inhonestam
1695 3181 1810 3247 pacem
1834 3183 1953 3250 spon.
2046 3189 2050 3196 ·

539 3243 627 3313 deut.
672 3242 813 3311 Obsides
837 3244 963 3334 equites
983 3243 1079 3312 Rom.
1104 3245 1170 3313 600
1191 3243 1394 3312 Samnitibus
1416 3245 1545 3325 traditi,
1567 3245 1665 3312 ceteri
1690 3245 1810 3312 milites
1831 3247 1928 3316 Rom.

537 3354 597 3423 per
615 3335 729 3436 jugum
753 3331 899 3400 traducti.
944 3330 1110 3403 Samnites
1132 3332 1304 3401 Luceriam
1332 3343 1525 3424 recuperant
1553 3343 1589 3402 et
1610 3332 1740 3400 obsides
1763 3331 1860 3402 Rom.
1884 3329 1930 3402 ihi

536 3419 704 3487 'custodiae
727 3439 823 3486 causa
845 3419 886 3486 de
910 3431 1023 3488 onnnt.

244 3501 312 3573 330
362 3505 431 3578 434
472 3506 566 3578 Coss.
593 3505 633 3594 (l.
656 3504 828 3574 Publilius
854 3505 890 3574 P
919 3507 960 3574 'lo
982 3505 1065 3590 III,
1100 3504 1141 3575 Β.
1164 3505 1334 3595 Papirius
1355 3505 1414 3596 Sp.
1433 3505 1472 3596 f.
1497 3507 1624 3575 Cursor
1638 3506 1690 3576 II
1709 3530 1768 3600 per
1798 3509 1935 3585 interra.

236 3595 246 3616 ⁸
537 3617 612 3686 gem
635 3593 768 3680 creati.)
812 3593 996 3686 Sponsores
1019 3595 1119 3688 pacis,
1141 3598 1332 3686 magistratu
1346 3593 1505 3668 abdicato.
1528 3594 1731 3664 Samnitibus
1755 3595 1929 3679 deduntur,

498 3761 504 3775 ·
535 3680 1312 3862 aarrantransrotatus
1322 3680 1808 3863 ,northantonam
1829 3685 1928 3864 itt:

458 3863 463 3894 “
535 3860 602 3930 rius
625 3858 658 3925 in
682 3857 834 3962 Apuliam
857 3857 1082 3964 proficiscitur,
1105 3858 1267 3926 Publilius
1286 3858 1688 3964 ignominiamlegionum
1706 3859 1926 3928 Caudinarnm
2011 3913 2025 3942 ,,
2139 3883 2142 3890 ·

535 3951 570 4015 in
589 3945 729 4015 ¹Sammo
760 3945 942 4031 ulciscatur,
976 3969 1087 4015 rursus
1117 3946 1213 4015 ambo
1237 3945 1329 4014 Coss.
1358 3949 1540 4102 conpunctas
1563 3949 1667 4040 copiis
1690 3948 1731 4013 ad
1757 3945 1925 4018 Larcerianr

534 4036 686 4115 vincunt,
716 4034 834 4104 frustra
861 4033 1055 4103 Tarentinis
1075 4055 1168 4103 suam
1197 4035 1417 4128 interponenti
1440 4059 1479 4104 us
1507 4035 1742 4104 auctoritatem.
1789 4035 1925 4105 lanccria

537 4134 571 4192 et
591 4123 721 4192 obsides
744 4122 885 4190 Romani
906 4123 1117 4214 recipiuntur.
1215 4143 1229 4160 ·

245 4201 313 4271 319
363 4201 431 4314 435
471 4207 564 4277 Coss.
586 4211 627 4278 Β.
654 4210 818 4300 Papirius
841 4210 967 4279 (barser
982 4209 1065 4288 III,
1090 4209 1131 4299 Q.
1153 4209 1275 4280 Aulius
1298 4210 1505 4280 Cerretanus
1520 4207 1599 4292 II.)
1643 4205 1813 4298 Reliquiae
1845 4211 1923 4279 belli

458 4309 465 4320 ’
536 4299 765 4382 conficiuntur,
799 4297 916 4368 Aulius
944 4303 1019 4368 cum
1041 4297 1235 4370 Ferentanis
1261 4297 1422 4378 debellat,
1456 4297 1535 4386 Pap.
1559 4293 1721 4372 Satricum
1751 4297 1868 4388 recipit
1890 4311 1924 4369 et
2054 4331 2057 4337 ·

536 4397 683 4452 auctores
705 4386 896 4458 defectionis
918 4388 1022 4478 punit.

243 4467 310 4538 318
362 4466 429 4537 436
471 4469 564 4540 Coss.
587 4473 636 4539 M.
660 4471 794 4542 Foslius
815 4475 1052 4558 Flaccinutor,
1075 4472 1118 4542 Β.
1140 4471 1304 4542 Plautius
1330 4469 1486 4552 Venno.)
1531 4465 1732 4535 Samnitibus
1758 4493 1825 4536 non
1848 4489 1924 4564 pax,

536 4559 594 4628 sed
616 4559 740 4628 biennii
762 4561 911 4631 induciae
933 4562 1058 4630 dantur.
1104 4562 1204 4654 Apuli
1225 4561 1415 4626 Teanenses
1439 4565 1472 4624 et
1487 4551 1643 4621 Canusini
1666 4554 1698 4620 in
1723 4555 1922 4630 deditionem

535 4647 682 4728 veniant,
705 4646 837 4739 Capuae
857 4673 942 4742 resp.
965 4651 1091 4740 legibus
1114 4671 1133 4714 a
1162 4656 1311 4739 praetore
1333 4641 1429 4709 Rom.
1458 4641 1585 4736 scriptis
1609 4638 1789 4720 ordinatur,
1819 4658 1852 4713 et
1874 4649 1921 4712 in·
2029 4687 2030 4692 κ

478 4797 481 4805 .
533 4735 692 4818 stituitur,
715 4746 754 4804 ut
774 4759 792 4801 a
814 4737 979 4822 praetacto
1002 4758 1111 4805 annuo
1133 4741 1292 4824 regantur.
1338 4727 1435 4798 Duae
1455 4729 1560 4798 trihus
1582 4725 1743 4798 adduntur
1765 4729 1919 4808 Ufentina

423 4853 426 4860 ’
533 4847 572 4895 ac
593 4823 753 4894 Falerios.
786 4823 884 4910 (31.)
