4566 5476
537 1331 540 1339 .
715 1131 735 1226 ⁵
788 1133 1332 1386 rhenani-o.
1452 1357 1504 1398 ι,

972 1470 1194 1510 ,Μῦν-Ι

215 1603 318 1782 Etsi
341 1699 437 1774 hamc
461 1681 589 1776 librum
614 1697 664 1774 ita
690 1679 933 1800 comparatum
965 1703 1048 1776 esse
1079 1699 1255 1816 intelligo,
1287 1709 1329 1776 ιιι
1358 1695 1477 1799 saeil'e,
1509 1697 1607 1799 quod
1639 1694 1809 1778 auctoris
1822 1691 1859 1766 in
1884 1718 1928 1768 eo

216 1813 406 1891 scribendo
437 1799 624 1887 consilium
646 1810 771 1899 fuerit,
802 1821 987 1912 appareat,
1017 1822 1155 1903 tamen,
1175 1833 1232 1888 ne
1265 1811 1374 1914 quid
1381 1837 1539 1888 mearum
1569 1809 1722 1912 partium
1755 1805 1928 1895 omittam,
1990 1829 2007 1891 j

215 1948 338 2032 pauca,
364 1939 456 2047 quae
481 1923 527 1998 ad
552 1918 701 1998 ιιιιιιιιιι
725 1947 802 1998 rem
822 1923 1039 2054 pertineant,
1062 1869 1231 2001 videhtur
1248 1949 1330 2000 esse
1324 1920 1616 2032 praemittenda.
1664 1919 1716 1996 Et
1741 1917 1928 1994 consilium

217 2027 378 2154 quidem
398 2033 526 2113 horum
562 2033 765 2110 ΑιιιιιΙίιιιιι
800 2035 879 2114 sive
911 2033 1184 2136 Chronicorum
1212 2021 1594 2140 compbnendorum
1580 2059 1625 2108 ex
1660 2057 1705 2108 eo
1740 2029 1829 2106 mibi
1866 2037 1932 2104 ιιι·’
1978 2077 1980 2086 1

214 2163 292 2250 tum
323 2159 394 2241 est,
432 2149 531 2252 quod
565 2145 761 2249 scriptores
792 2149 961 2251 antiquos
985 2146 1149 2226 studiose
1174 2147 1343 2228 evolvens
1368 2162 1407 2227 et
1431 2127 1629 2260 dispersam
1658 2167 1778 2220 rerum
1810 2151 1928 2245 gesta·

214 2291 293 2342 ιιιιιι
306 2263 524 2340 memoriam
549 2261 730 2388 colligens,
754 2261 863 2336 talem
876 2260 1004 2336 librum
1024 2281 1132 2376 saepe
1150 2262 1443 2356 desiderabam,
1430 2287 1470 2338 ru
1494 2285 1567 2362 quo
1585 2269 1758 2359 tempora,
1784 2255 1927 2359 quando

217 2377 376 2490 quidque
402 2376 555 2477 gestum
569 2385 685 2465 esset,
703 2385 880 2451 accurate
905 2384 1029 2451 notata
1053 2377 1319 2486 reperirentur,
1356 2387 1398 2452 et
1423 2375 1581 2480 ipsarum
1610 2393 1729 2447 rerum
1761 2367 1849 2445 ordo
1879 2369 1929 2443 ιιι

216 2480 412 2591 explicatus
438 2499 546 2580 esset,
572 2499 614 2566 ut
637 2487 753 2564 sicubi
778 2487 865 2590 quid
891 2487 1072 2590 copiosius
1098 2495 1302 2576 enarratum
1323 2488 1507 2592 legissem,
1537 2485 1706 2561 haberem
1732 2505 1804 2588 quo
1831 2489 1931 2556 certo
1954 2499 1961 2574 g

216 2601 295 2677 l'oco
319 2598 500 2678 referrem.
547 2597 737 2700 Ejusmodi
762 2599 940 2711 praesidia
965 2595 1010 2676 ad
1038 2597 1223 2678 historiam
1254 2599 1461 2680 discendam
1476 2596 1646 2698 majores
1677 2595 1794 2671 nostri
1819 2592 1934 2669 multa·

217 2711 427 2803 habuerunt,
453 2687 519 2788 sed
543 2711 625 2789 illos
648 2711 760 2812 libros
785 2713 950 2791 videbam
974 2711 1106 2843 partim
1130 2715 1275 2816 aliarum
1299 2741 1419 2792 rerum
1438 2711 1714 2815 quaestionibus
1739 2705 1931 2808 interposi-

119 2916 124 2925 Ι
217 2823 265 2898 tis
290 2823 341 2897 ad
359 2821 541 2932 ingentem
563 2803 844 2923 magnitudinem
874 2827 1093 2910 excrevisse,
1127 2811 1263 2918 partim
1281 2829 1344 2900 aiut
1375 2851 1436 2932 eas
1461 2835 1662 2923 temporum
1690 2821 1849 2894 rationes
1874 2843 1931 2892 se

219 2935 290 3035 qui,
311 2957 402 3032 quas
420 2914 526 3008 hodie
542 2955 650 3004 nemo
665 2929 818 3030 probare
833 2931 971 3044 posset,
996 2938 1057 3004 aut
1073 2927 1219 3006 omuino
1243 2949 1369 3030 parum
1395 2939 1559 3006 accurate
1585 2926 1809 3031 conscriptos
1835 2955 1928 3006 esse

155 3037 174 3058 ⁴
217 3041 521 3146 Compendiorum
545 3067 643 3132 vero,
670 3067 762 3142 quae
788 3036 894 3116 hodic
919 3069 940 3116 a
968 3039 1100 3131 multis,
1126 3033 1236 3114 etiam
1265 3037 1544 3126 doctissimis'
1508 3044 1616 3133 nris,
1623 3043 1794 3174 scripta
1811 3041 1931 3118 ferun

216 3167 290 3248 tur,
329 3153 435 3230 alium
467 3154 644 3256 quendam
680 3164 784 3229 usum
822 3179 905 3229 esse
936 3151 1193 3256 intelligebam,
1231 3177 1382 3252 quonam
1414 3165 1580 3245 auctores
1612 3179 1692 3248 cum
1723 3155 1761 3228 in
1792 3179 1930 3230 summa

214 3269 391 3348 brevitate
416 3269 605 3377 continnae
622 3263 834 3351 narrationis
860 3264 930 3340 hoc
955 3261 1202 3396 potissimum
1207 3263 1292 3341 sibi
1301 3267 1476 3370 agendum
1502 3267 1739 3358 censuissent,
1763 3277 1805 3342 ιιι
1830 3265 1929 3368 quod

215 3383 407 3488 ingenium,
434 3379 496 3482 qui
519 3375 638 3456 mo'res
664 3381 838 3480 cujusque
863 3389 958 3454 aetat
959 3379 990 3454 is
942 3377 1219 3456 thominibus
1243 3379 1386 3471 suerint
1411 3377 1654 3472 ostenderent,
1679 3379 1723 3454 ab
1748 3377 1816 3455 bac
1839 3389 1931 3456 tem·

135 3507 140 3514 '
214 3522 343 3600 porum
369 3493 610 3588 accuratione,
641 3518 749 3595 quam
782 3493 1013 3593 quaerebam,
1043 3494 1173 3568 remoti
1204 3501 1316 3570 erant
1356 3491 1501 3595 Neque
1527 3517 1622 3570 sane
1644 3493 1714 3569 hoc
1743 3491 1813 3570 illis
1839 3493 1931 3572 vitio
2020 3575 2021 3584 ,

101 3701 107 3707 ,
215 3608 395 3698 verterim,
421 3607 587 3708 quoniam
589 3599 753 3684 diversa
777 3607 981 3707 utriusque
988 3605 1042 3680 rei
1067 3605 1215 3682 consilia
1239 3602 1349 3698 shut,
1361 3631 1454 3708 quac
1477 3633 1547 3683 una
1565 3609 1703 3686 ratione
1727 3633 1802 3684 nou
1824 3605 1931 3682 facilc
1997 3685 2006 3694 ,
2058 3695 2066 3728 ¹

220 3747 421 3823 assequare.
468 3719 543 3798 Sed
567 3729 711 3809 ιιιιιιιι,
724 3745 805 3794 cum
830 3721 901 3796 et
890 3745 971 3821 rpse
995 3717 1126 3796 studiis
1149 3719 1431 3802 adolescentium
1456 3721 1643 3802 consulere
1666 3699 1811 3810 vellem,
1849 3719 1929 3820 qui-

220 3835 287 3910 bus
315 3845 440 3910 auctor
454 3854 457 3870 '
470 3857 614 3934 semper
644 3831 809 3938 fuissem,
848 3841 891 3908 ut
920 3829 1069 3908 simulac
1098 3833 1315 3910 mediocrem
1339 3833 1500 3924 Graecae
1531 3835 1753 3938 Latinaeque
1784 3833 1928 3934 linguae

60 3982 65 3990 ·
185 4007 188 4014 ,
222 3943 404 4021 scientiam
428 3946 691 4048 percepissent,
721 3954 880 4020 veterem
910 3945 1095 4022 historiam
1127 3946 1294 4022 continua
1319 3947 1533 4056 optimorum
1558 3959 1740 4024 auctorum
1772 3945 1927 4019 lectione

221 4056 409 4146 discerent,
430 4057 527 4135 hunc
550 4058 679 4133 librum
705 4075 920 4160 componere
936 4083 1152 4169 aggressus
1154 4083 1243 4160 sum,
1271 4085 1343 4162 quo
1368 4031 1460 4136 dirce
1483 4061 1701 4163 privatorum
1726 4056 1927 4134 studiorum
1957 4051 1961 4058 “

219 4177 416 4245 uterentur
463 4168 554 4245 Nam
580 4170 626 4246 ad
650 4171 813 4302 publicae
836 4171 1072 4248 iustitutionis
1098 4197 1213 4264 usum,
1239 4172 1473 4250 scholasticae
1489 4172 1634 4275 quidem
1660 4181 1767 4260 certe,
1790 4169 1849 4245 vel
1869 4169 1927 4248 di·
2017 4225 2023 4237 ·

219 4279 328 4356 midia
353 4303 436 4382 pars
460 4279 565 4380 hujus
590 4285 714 4387 copiae
740 4283 953 4376 suffecisset,
979 4311 1060 4369 cunr
1087 4284 1153 4360 alia
1178 4285 1297 4380 multa,
1324 4313 1416 4390 quae
1441 4287 1689 4386 magistrorum
1715 4283 1928 4426 disputatio·

217 4395 324 4474 nibus
349 4390 580 4492 relinquenda
604 4399 781 4498 putabam,
806 4397 960 4497 adjicere
983 4396 1188 4474 noluissem.

293 4507 364 4584 Hic
375 4530 449 4581 non
462 4512 744 4586 commemorabo
745 4519 940 4612 ,quantum
955 4510 1110 4588 laborem
1124 4511 1356 4602 exhauserim,
1368 4521 1528 4588 veterum
1541 4521 1722 4586 auctorum
1735 4509 1935 4588 lectionem

21 4672 41 4729 A·
108 4685 124 4700 ,
218 4629 387 4723 repetens
400 4629 438 4694 ιι
452 4644 497 4694 cx
510 4643 598 4720 rpsrs
608 4619 777 4699 hrstonae
790 4624 1207 4728 lontibus,quaecunque
1220 4623 1529 4714 usmvrderentur
1554 4623 1742 4728 colligens:
1766 4650 1847 4699 nam
1865 4624 1934 4699 ills

8 4731 40 4840 ἐ
122 4779 133 4807 0
178 4733 180 4738 ’
218 4735 320 4810 labor
331 4734 389 4810 et
379 4759 458 4835 apsa
471 4755 590 4810 rerum
603 4725 777 4812 suavitate
790 4741 1097 4841 compensabatur,
1110 4749 1147 4817 et
1159 4738 1299 4816 abunde
1310 4762 1367 4812 ms
1380 4739 1456 4838 ejus
1469 4735 1620 4815 fructum
1635 4764 1841 4842 percepisse
1853 4763 1925 4811 exr-
2042 4815 2081 4850 ¹,
