4554 5476
1024 311 1516 464 atoue-'-

368 491 468 556 acin.
509 509 572 579 mc.

762 574 801 645 C.
814 571 985 644 ussonia
1001 575 1253 668 repetundarum
1276 597 1318 644 ex
1338 571 1465 642 Maced.
1483 574 1664 658 damnator,
1688 585 1860 646 remeante
1875 573 1926 644 Μ
1949 573 2072 662 Caelio.

327 719 330 724 .
659 663 858 734 L.·Flaccus
880 673 981 755 repet.
1005 685 1047 730 en
1072 663 1147 730 beia
1172 661 1355 732 absolvitur
1372 663 1544 730 defensore
1566 685 1644 730 usus
1666 663 1712 732 Μ.
1735 663 1960 746 Cicerones
2028 682 2035 694 ’

404 755 450 828 68
509 752 574 824 696
616 751 711 823 Coss.
732 752 773 822 L.
798 750 1003 841 Calpurnius
1027 751 1110 819 Piso
1135 750 1354 834 Caesoninus,
1377 750 1421 819 A.
1435 748 1648 834 Gabinius.)
1694 749 1730 817 P.
1751 749 1889 820 Clodius
1906 749 2008 836 tatu,
2029 749 2076 818 ls-

626 901 631 911 .
660 840 896 911 tisseditiosis'
916 839 1000 926 legg.
1027 839 1087 907 ἀρ
1098 838 1268 932 auspiciis,
1302 837 1345 908 de
1370 836 1592 908 imminuenda
1622 837 1804 906 Censorem
1826 848 1999 932 potestate,
2033 837 2076 906 de

538 1003 544 1016 ,
659 927 825 1019 collegiis,
852 927 894 1006 de
923 925 1087 994 fraumenta
1115 925 1214 1016 gratis
1241 925 1331 1019 plebi
1354 925 1477 1010 dando,
1511 926 1621 995 omnis
1653 925 1886 1018 impedimenta
1908 926 2077 996 actionum

537 1021 571 1058 ¹·
655 1041 793 1086 6666666
816 1011 910 1084 tollit.
954 1013 1070 1104 lisque
1099 1015 1247 1104 ejusdem
1273 1011 1445 1104 rogatione
1469 1013 1587 1083 066666
1610 1014 1834 1106 impugnatus,
1856 1013 1946 1108 quod
1967 1013 2078 1084 socios

661 1103 822 1173 Catilinae
845 1103 1049 1170 indemnatos
1071 1111 1229 1184 necasset,
1253 1123 1328 1169 cum
1345 1101 1439 1171 Coss·
1460 1101 1601 1171 inimicis
1624 1113 1778 1177 utereturi
1801 1101 1886 1170 Cato
1905 1120 1968 1194 pro
1982 1099 2079 1169 Prae·

623 1232 627 1240 -
660 1205 732 1264 tore
752 1193 787 1260 in
803 1191 920 1281 Cypro
943 1189 1081 1267 abesset,
1098 1187 1282 1282 Pompeius
1305 1201 1339 1258 et
1357 1189 1498 1259 Crassus
1518 1212 1595 1260 eum
1614 1189 1804 1296 proderent,
1827 1211 1942 1258 mense
1959 1185 2078 1257 Martio

659 1282 744 1350 ultro
766 1277 966 1346 inexilium
994 1275 1094 1342 adiit.
1138 1277 1230 1366 Lege
1252 1276 1368 1346 Clodia
1390 1301 1475 1373 aqua
1496 1288 1531 1348 et
1556 1278 1625 1371 igni
1653 1277 1685 1346 ei
1713 1277 1932 1356 interdicitur,
1960 1276 2078 1346 domus

531 1407 535 1415 ·
661 1367 807 1443 diruitur,
829 1361 960 1458 praedia
983 1361 1202 1455 diripiuntur.'
1247 1377 1253 1396 '
1315 1379 1319 1396 ’
1456 1389 1458 1396 ’

768 1453 812 1520 Μ.
835 1449 996 1520 Aemilius
1009 1449 1152 1522 Scaurus
1173 1450 1288 1523 sedilis
1310 1473 1379 1524 cur.
1399 1447 1644 1546 magnificentia
1664 1449 1819 1521 ludorum
1841 1451 1938 1542 longe
1960 1463 2081 1521 omnes

661 1539 773 1618 vincit,
796 1553 944 1633 opesque
965 1559 1041 1606 suas
1063 1539 1238 1610 consumit.

768 1629 807 1696 C.
831 1629 967 1695 Caesar·
987 1625 1156 1696 Helvetios
1178 1647 1280 1698 novas
1305 1625 1404 1696 sedes
1431 1637 1625 1719 quaerentes
1655 1626 1695 1693 ad
1719 1625 1872 1698 Bibracte
1892 1625 1929 1696 in
1950 1625 2081 1695 Aeduo-

510 1769 513 1776 .
661 1736 733 1787 rum
755 1727 841 1786 terra
863 1710 964 1782 vincit
986 1724 1020 1781 et
1040 1714 1076 1782 in
1098 1715 1298 1784 deditionem
1321 1711 1449 1806 accipit.
1492 1715 1581 1788 illan·
1589 1713 1799 1798 Ariovistum,
1822 1735 1934 1804 regem
1954 1713 2083 1806 aliquot

661 1805 859 1902 populorum
884 1801 1170 1885 Germanicorum,
1194 1801 1242 1870 cis
1263 1801 1416 1872 Rhenum
1437 1802 1573 1896 Aequos
1594 1825 1634 1872 ec
1654 1799 1826 1894 Sequanos
1845 1800 1988 1895 imperio
2009 1825 2083 1895 pre·

663 1901 820 1972 mentera,
843 1889 938 1982 prolli
962 1899 1005 1970 at,
1028 1900 1063 1959 et
1083 1900 1172 1958 trans
1194 1889 1348 1959 Rhenum
1369 1890 1482 1976 ingere
1507 1889 1603 1979 cogit.

773 1978 890 2048 Cicero
918 1911 1175 2047 'liressalonicae
1203 1979 1289 2070 apud
1312 1977 1379 2044 Cn.¹
1395 1975 1582 2062 Plancium,
1617 1977 1831 2063 Quaestorem
1854 1976 1892 2043 L.
1915 1975 2078 2071 Appuleji,

664 2077 895 2143 commoratur,
917 2065 995 2132 durn
1009 2067 1145 2150 Romae,
1167 2069 1233 2156 jam
1251 2065 1351 2134 etiam
1368 2065 1527 2157 Pompejo
1539 2066 1680 2142 invente,
1702 2065 1743 2132 de
1758 2069 1829 2153 ejus
1844 2063 1953 2132 reditu
1967 2063 2074 2154 agitur.

409 2147 481 2218 57·
515 2151 580 2221 697
623 2157 717 2224 Coss.
739 2155 783 2224 P.
808 2151 984 2220 Cornelius
1005 2151 1170 2222 Lentulus
1191 2153 1365 2244 Spinther,
1375 2151 1431 2240 (l
1455 2150 1807 2223 CaeciliusMetellus
1823 2149 1947 2240 Nepos.
2009 2148 2083 2216 Bei-

390 2271 393 2276 ·
454 2285 457 2290 ι
520 2274 522 2280 ·
666 2265 726 2348 quc
750 2243 790 2308 ad
813 2239 936 2308 bellum
964 2252 1077 2308 contra
1100 2239 1196 2308 Rom.
1224 2243 1410 2328 conjurant}
1448 2239 1570 2308 Caesar
1596 2261 1710 2306 eorum
1737 2238 1821 2306 lines
1848 2261 1923 2306 cuns
1993 2237 2085 2325 legg.

667 2349 833 2418 ingressus
854 2325 950 2392 lacile
972 2347 1088 2393 omnes
1103 2326 1375 2394 sid-deditionem
1397 2325 1515 2418 adigit,
1548 2335 1678 2420 praeter
1698 2323 1864 2410 Nervios,
1883 2337 1963 2418 quot
1991 2346 2095 2392 acer..

667 2417 752 2484 rimo
774 2413 815 2480 ad
838 2411 952 2480 Sabim
975 2435 1106 2480 amnem
1127 2413 1254 2505 proelio
1274 2410 1385 2482 vincit·
1548 2493 1552 2502 .

773 2499 899 2568 Romae
929 2497 974 2568 rie
997 2499 1170 2568 Ciceronis
1196 2501 1309 2568 reditu
1336 2511 1410 2569 octo
1431 2497 1545 2592 'l'ribb3
1571 2499 1679 2596 plebis
1708 2501 1913 2591 rogationem
1965 2497 2086 2566 minui

563 2629 568 2638 ·
691 2601 748 2657 ant
766 2587 806 2656 'R
830 2585 956 2655 Annius
980 2585 1077 2672 liiiio,
1107 2589 1149 2658 ·P.
1171 2587 1322 2670 Sextius,
1354 2587 1410 2656 Μ’.
1431 2587 1566 2671 Curius,
1601 2588 1640 2657 'R
1668 2587 1807 2672 Fadius,
1841 2586 1881 2676 Q.
1904 2521 2084 2667 tristatus,

667 2615 708 2748 il.
731 2675 903 2758 Sestilius,
924 2671 970 2742 Μ.
994 2673 1138 2768 Cispius,
1163 2675 1200 2744 C.
1225 2675 1411 2746 Mescinius·
1456 2675 1533 2744 Duo
1556 2675 1619 2745 soii
1641 2675 1833 2770 impediunt,
1857 2673 1956 2758 Num.
1984 2672 2085 2761 Quin-

669 2767 732 2835 tius
757 2775 792 2833 et
811 2763 889 2830 Sex.
912 2761 1040 2831 Atilius·
1055 2765 1227 2832 Serranus.
1274 2761 1347 2833 Lex
1366 2764 1529 2858 perfertur
1549 2765 1682 2833 undem
1705 2789 1750 2857 pr.
1773 2753 1858 2856 Nori
1882 2757 1974 2832 Sexi.

776 2853 935 2920 Cicerone
958 2861 1088 2919 auctore
1111 2851 1172 2920 Cn.
1196 2850 1356 2945 Pompeio
1381 2851 1524 3007 inquio
1573 2876 1648 2921 eun.
1671 2853 1795 2922 curatio
1817 2851 1865 2933 rei
1888 2849 2086 2918 annonariae

668 2941 773 3010 datur.
819 2938 1026 3006 Ptolemaeus
1044 2941 1177 3008 Auletes
1194 2939 1344 3032 Aegypto
1366 2953 1524 3034 expuens
1569 2963 1677 3008 omem
1692 2941 1792 3024 venit,
1815 2939 1973 3010 auxilium
1989 2961 2086 3030 quae·

615 3049 627 3068 ⁹
668 3053 755 3098 rcus.
798 3025 844 3094 Μ.
868 3025 969 3109 Cato,
1000 3026 1108 3118 Cypro
1131 3027 1204 3116 lege
1228 3029 1343 3095 Clodia
1365 3027 1401 3094 in
1422 3027 1610 3118 provinciae
1636 3029 1774 3096 sormam
1801 3024 1947 3118 redacta,
1976 3025 2088 3094 vendi·

669 3117 778 3270 tiquue
801 3113 981 3267 Ptolenftaei
1001 3115 1087 3205 regis
1110 3115 1222 3201 bonis,
1251 3115 1393 3184 Romam
1414 3113 1499 3184 redit
1526 3139 1603 3186 cum
1629 3137 1748 3210 magna
1769 3114 1966 3212 integritatis
1989 3125 2088 3208 atque

671 3202 887 3272 astinentiae
922 3223 1005 3268 arus.
1253 3233 1254 3238 ¹
1298 3239 1301 3246 ·
1684 3235 1687 3244 Α
1957 3211 1961 3247 ³

416 3294 461 3364 56
521 3294 587 3366 698
629 3291 722 3359 Coss.
746 3289 806 3356 Cn.
830 3288 1006 3356 Cornelius
1025 3287 1193 3357 Lentrelns
1212 3283 1454 3373 Marcellinus,
1482 3287 1526 3356 L.
1548 3288 1707 3358 Marcius
1727 3289 1929 3383 Philippus,
1958 3286 2089 3362 ibedilis

673 3389 740 3450 cur.
762 3375 807 3444 P.
831 3373 988 3460 Clodius,
1008 3375 1097 3445 Trio.
1118 3377 1164 3469 pl.
1190 3377 1251 3445 Cn.
1273 3375 1476 3466 Plancius.)
1519 3377 1560 3446 ln
1583 3375 1689 3446 Gallia
1718 3378 1868 3450 civitates
1888 3377 2089 3463 Armoricae,

674 3466 715 3536 ad
730 3465 900 3547 Oceanum
921 3487 1047 3546 versae,
1070 3463 1241 3542 rebellant,
1263 3462 1360 3533 initio
1381 3464 1555 3536 aVenetis
1572 3466 1678 3534 iacto,
1714 3467 1846 3546 Caesar,
1868 3468 2011 3539 maxima
2030 3479 2090 3560 pcss

674 3552 769 3622 cunis
793 3575 835 3622 en
856 3553 980 3622 aerario
1001 3551 1100 3620 Rom.
1122 3561 1271 3646 accepta,
1307 3551 1447 3623 classem
1477 3568 1659 3648 comparat,
1693 3577 1817 3652 eosque
1867 3562 1965 3646 dgna!
1981 3553 2090 3622 navali

674 3649 842 3798 quperatos
864 3640 900 3708 in
922 3640 1124 3711 deditionem
1146 3641 1257 3733 adigit,
1279 3641 1359 3710 dum
1381 3643 1419 3731 Q.
1436 3641 1582 3717 Titurius
1601 3643 1747 3728 Unellos,
1771 3643 1808 3710 P.
1870 3667 1965 3716 assus
1983 3639 2028 3712 Μ.
2045 3641 2088 3710 bl.

726 3729 855 3796 uitanos
876 3753 914 3797 su
941 3729 1016 3798 'icit
1417 3737 1427 3752 ’

634 3845 637 3852 ·
704 3753 726 3822 q
780 3817 820 3884 Ir.
842 3730 1176 3902 Pisob'blacedoniae,
1205 3815 1244 3887 Α.
1274 3815 1432 3888 Gabinius
1459 3819 1575 3912 Syriae
1600 3827 1746 3911 praeest,
1781 3818 1924 3914 pessima
1952 3831 2025 3890 nter
2071 3843 2088 3888 6

673 3905 760 3972 lama
782 3915 857 3972 sues
880 3905 989 3998 itaque
1012 3908 1047 3975 in
1069 3916 1186 3975 senata
1207 3906 1323 3976 Cicero
1351 3908 1562 3977 orationede
1588 3903 1763 4000 provinciis
1790 3898 2016 3977 annularibus
2026 3843 2090 3976 qq·

675 3995 743 4068 bito
772 3993 888 4075 efficit,
924 4005 963 4061 ut
988 3991 1027 4062 L.
1054 3995 1168 4064 Pisoni
1197 4018 1366 4065 successor
1387 3995 1592 4066 decernatur.
1636 3994 1729 4064 Idem
1758 3995 1794 4062 P.
1823 3995 1975 4070 Sextium
1998 4019 2092 4065 accu-

677 4093 784 4150 satum
808 4084 849 4149 de
873 4083 915 4164 ri,
939 4085 1121 4176 codemque
1149 4106 1236 4152 anuo
1257 4083 1303 4153 Μ.
1327 4083 1476 4152 Caelium
1498 4077 1653 4152 defendit.-
1697 4082 1757 4152 De
1772 4083 1965 4158 Ptolemaeo
1986 4085 2020 4152 in
2042 4107 2094 4151 re·
2241 4051 2242 4076 l

550 4267 555 4284 ι
677 4191 778 4326 gnuqn
799 4171 985 4239 reducendo
1006 4171 1042 4241 in
1063 4183 1180 4240 senatu
1200 4182 1356 4242 certatur:
1379 4171 1513 4242 tandem
1533 4170 1660 4278 SCtum
1680 4170 1727 4255 iit,
1750 4171 1887 4243 omnino
1908 4157 1976 4242 noti
1997 4171 2093 4242 redu·

678 4281 737 4328 cen
763 4280 819 4326 um
841 4281 923 4327 esse.
1961 4280 1966 4315 t

785 4346 934 4441 Pompeii
956 4346 1132 4440 Crassique
1158 4346 1305 4440 potentia
1332 4346 1367 4416 in
1386 4345 1466 4428 ,dics
1493 4347 1873 4442 augetur'omnibusque
1900 4347 1996 4422 bortis
2023 4357 2097 4416 mm
2241 4315 2242 4336 ³

679 4433 784 4502 inrisa
806 4446 866 4515 est,
890 4447 927 4503 ut
947 4434 1097 4527 plerique
1119 4459 1194 4504 cum
1217 4437 1293 4504 Cos.
1316 4435 1508 4505 Marcellino
1529 4436 1617 4504 curia
1641 4437 1832 4508 abstineant
1959 4444 1964 4529 ξ

426 4522 468 4586 55
528 4525 594 4595 699
637 4524 697 4594 Cn·
719 4523 904 4614 Pompejus
923 4525 1075 4610 Magnus
1090 4524 1135 4600 Il
1139 4574 1149 4609 ‚
1173 4523 1223 4592 M·
1245 4524 1401 4592 Licinius
1423 4525 1568 4594 Crassus
1580 4524 1628 4592 Η
1646 4549 1706 4620 per
1731 4527 1798 4596 vim
1822 4523 1981 4597 Consarlds
2004 4523 2099 4605 lacti,

583 4699 585 4704 ι
680 4611 749 4680 suis
771 4611 966 4680 factionibus
989 4611 1034 4681 Μ.
1057 4614 1217 4681 Catonem
1241 4637 1258 4680 6
1281 4623 1450 4705 praeturae
1472 4616 1631 4721 petitione
1651 4615 1830 4707 repellunt,
1854 4608 2022 4680 Vatinium
2045 4612 2097 4680 in·

547 4705 583 4762 tt
679 4699 823 4768 trudunt
875 4699 1043 4768 Trebonio
1072 4703 1141 4785 lex,
1177 4702 1293 4770 [rostra
1323 4702 1548 4772 resistentibus
1566 4701 1703 4771 'Catone
1731 4727 1770 4772 ac
1788 4699 1953 4774 Favonio,
1977 4699 2092 4782 fertur,

531 4773 591 4834 ⁰1⁰·
682 4811 746 4878 qua
771 4788 930 4881 Pompeio
954 4788 1037 4857 duae
1060 4789 1237 4882 Hispaniae
1253 4799 1341 4859 'tum
1363 4791 1487 4877 Africa,
1514 4791 1559 4859 Μ.
1582 4789 1827 4884 Crasso'Sy'ria,
1855 4784 1890 4856 ln
1910 4783 2098 4880 quinquen·
