4566 5476
844 351 1254 479 .--ε19-’··--;Ι

695 543 696 548 ’
1410 531 1414 538 ’
1557 547 1570 566 s
1649 509 1749 574 &chre
1792 511 1849 572 ol
1895 557 1903 576 ο

219 599 410 674 Cleomenes
440 619 498 666 rex
526 585 645 668 Laced.
674 580 826 690 injuriam
847 597 974 668 ulturus
1000 579 1320 692 ‘Peloponnesiorum
1354 609 1389 668 et
1409 585 1608 668 Boeotorum
1830 531 1894 599 m

263 686 523 758 Chalcidensium
573 711 591 754 e
613 688 725 779 copias
742 689 895 756 adversus
911 687 1131 768 Adueniensea
1153 688 1252 768 ducit,
1276 687 1335 756 sed
1357 710 1433 754 eum
1448 686 1608 779 relinque·

259 786 348 846 retur
369 799 387 844 a
409 774 507 844 sociis
527 709 717 844 binomia
737 787 771 844 et
798 775 838 842 ab
868 776 940 872 ipso
963 775 1141 846 Demarato
1163 776 1289 866 collega
1313 773 1497 861 (Aristonis
1525 775 1607 844 falso
1920 825 1923 832 .
1989 803 1991 810 ’

259 861 358 950 illio),
381 862 719 965 exercitubdilabitur
721 910 1608 932 .............................
1666 861 1732 934 504
1809 865 1887 950 69,1
1999 891 2002 898 ·

216 945 326 1106 Μιῖιιξ111
323 950 542 1020 Athenienses
573 951 718 1020 Bneotos
751 951 967 1036 ulciscantur,
1003 961 1037 1021 et
1064 944 1298 1021 Chalcidenses
1331 971 1483 1042 agrorum
1516 961 1609 1043 parte
1971 979 2003 1004 υ

326 1050 406 1110 taut.

177 1203 181 1211 ,
214 1125 411 1285 begiano,
425 1123 561 1195 'morati
582 1147 601 1192 a
621 1123 806 1211 Thebanis,
828 1125 971 1197 Atticam
992 1136 1138 1198 vastante
1169 1126 1248 1198 inde
1275 1127 1389 1198 odium
1410 1126 1496 1197 inter
1518 1125 1609 1220 ipsos

258 1226 293 1285 et
345 1214 544 1286 tenieusos.
804 1233 808 1240 ·

259 1411 431 1486 Periodos
451 1413 570 1499 tertio,
591 1411 819 1482 historicorum
841 1414 1063 1483 monumentis
1085 1412 1255 1496 illustrata,
1280 1411 1411 1482 abellis
1425 1409 1564 1486 Persicis
1628 1481 1630 1484 .

409 1503 530 1598 'usqne
552 1501 592 1570 ad
614 1523 759 1596 pugnam
780 1503 866 1594 apud
886 1501 1248 1590 ,Chaeroneam-338
1271 1499 1395 1568 aerr.

215 1649 351 1742 Hippias
374 1651 499 1741 abjecta
520 1673 580 1744 spe
600 1650 724 1719 reditus
746 1649 903 1718 auxilium
950 1650 1009 1720 etit
1029 1651 1070 1718 ab
1093 1643 1306 1741 Artapherne‚
1329 1649 1442 1720 Ioniae
1461 1659 1611 1740 aanapar
1711 1675 1713 1684 ·

260 1751 373 1806 contra
396 1738 613 1808 Athenienses
635 1748 668 1808 et
689 1735 892 1806 Eretrienses
946 1761 1017 1806 asse
1040 1739 1193 1809 ad'uvant
1214 1739 1434 1829 Aristagoran
1458 1749 1492 1808 et
1511 1737 1609 1808 lones
2144 1813 2148 1828 1

260 1825 411 1909 rebelles,
434 1825 555 1894 Sardes
570 1825 739 1892 incensae:
762 1847 828 1914 quo
851 1765 1129 1917 annerscbylus
1152 1825 1334 1917 tragoedias
1359 1827 1477 1894 docere
1500 1826 1610 1918 coepit
1667 1824 1733 1894 499
1813 1830 1892 1913 703
1978 1883 1979 1888 η
2110 1861 2113 1869 s

218 1915 359 2000 Miletos
380 1913 506 2008 capitur
527 1923 621 1982 sexto
643 1921 718 2002 post
745 1909 962 1980 delectionem
989 1936 1077 1982 anno
1099 1911 1325 2004 (Phrynichus
1346 1915 1491 2004 tragoed.
1512 1907 1608 1994 Μιλή-

260 2012 318 2069 roo
338 1992 459 2066 ἕλωσιν
480 2023 547 2067 non
569 2000 674 2072 multo
697 2009 773 2090 post
794 1998 911 2086 docet)
1083 2035 1607 2069 .................
1666 1999 1732 2072 494
1810 2009 1889 2092 71,3Ι

217 2091 312 2163 Nono
333 2113 409 2158 vere
430 2087 604 2157 Persarum
626 2086 739 2156 elassis
762 2097 887 2156 ceteros
910 2085 1049 2156 rebelles
1077 2087 1267 2180 insulasque
1290 2087 1426 2167 Chium,
1451 2087 1607 2164 Lesbum,

261 2178 432 2336 ἶιῗεάυηι
444 2176 484 2330 ag
496 2176 696 2245 deditionem
708 2176 819 2268 adigit,
841 2175 1033 2256 Miltiades,
1056 2175 1204 2269 Cimonis
1220 2175 1315 2260 tilius,
1340 2175 1608 2268 exHelleaponto
1667 2263 1687 2333 4
1805 2187 1807 2190 ’

328 2266 514 2335 mmmm
524 2311 1607 2334 ..................................

216 2352 407 2508 Mardoniusl
433 2352 607 2421 Persarum
636 2353 702 2420 dux
723 2351 763 2428 in,
781 2350 911 2445 Europa
943 2351 1068 2422 bellurn
1093 2353 1200 2445 gerit,
1219 2351 1447 2424 Macedoniam
1469 2351 1608 2442 imperio
1668 2265 1734 2509 ἐξ
1801 2413 1806 2426 ,

260 2441 725 2514 reviss'unit.....,
749 2486 1246 2509 .................
1245 2463 1249 2474 ¹
1368 2487 1608 2508 ........

218 2493 349 2620 legalis
372 2553 391 2596 a
410 2463 523 2597 llaiao
543 2519 656 2596 'missis
676 2525 825 2619 plerique
847 2527 989 2596 insulani
1017 2539 1052 2596 et
1071 2553 1151 2597 vero
1174 2528 1272 2596 etiam
1295 2527 1473 2618 Aeginetae
1496 2550 1533 2596 se
1556 2526 1609 2596 de·

232 2683 238 2690 ,
263 2617 379 2685 ditioni
399 2627 530 2706 paratos
552 2615 738 2696 ostendunt,
761 2613 860 2682 ceteri
883 2616 1000 2684 Graeci
1023 2637 1090 2684 non
1112 2626 1229 2710 parent
1238 2663 1609 2684 ............
1667 2615 1732 2686 491

220 2703 453 2777 Denrorotos,
471 2705 537 2770 'rex
559 2703 714 2808 Spartae,
746 2703 859 2770 fraude
882 2702 1071 2771 Cleomenis
1102 2705 1295 2792 vitiosorum
1318 2703 1483 2774 natalium
1512 2725 1610 2771 causo

264 2790 351 2878 regia
374 2789 530 2876 dignitate
551 2797 713 2878 puratos,
742 2799 775 2854 et
801 2812 883 2855 nova
907 2790 1104 2857 contumelia
1133 2791 1283 2870 affectus,
1314 2791 1355 2858 ad
1376 2791 1493 2860 Persas
1516 2789 1609 2880 sugit,

135 2867 145 2882 ⁵
264 2899 344 2944 mox
367 2875 557 2943 Cleomenes
579 2874 700 2940 mentis
722 2873 831 2940 lurore
853 2885 1020 2964 correptus
1042 2876 1157 2943 seruati
1182 2898 1218 2941 sc
1241 2876 1421 2943 obtruncat.

219 2963 328 3118 Reges
351 2961 598 3031 Lacedaemone
619 2959 703 3028 dunt
728 2954 971 3050 Leotychidee,
1001 2973 1137 3057 agnatus
1158 2897 1341 3044 hamaran,
1368 2972 1406 3031 'et
1426 2959 1612 3046 leonidas,
1702 3009 1710 3018 -
1810 3035 1813 3044 ,

138 3079 142 3084 ·
247 3061 362 3120 ·rater
383 3061 419 3118 et
439 3071 539 3138 gener
561 3048 749 3116 Cleomenis
766 3095 1613 3119 ...........................
1671 3049 1734 3121 494
1813 3057 1866 3140 ’”,

214 3138 347 3217 'lateres
369 3135 494 3205 bellum
517 3135 603 3204 inter
625 3133 842 3204 Athenienses
863 3146 899 3204 et
920 3135 1095 3226 Aeginetae
1123 3159 1243 3228 magno
1271 3137 1384 3206 ardore
1411 3135 1471 3206 aad
1495 3147 1613 3205 eventu

264 3225 362 3293 dubio
384 3225 505 3316 geritur
515 3222 624 3308 ¹(Her.
640 3224 672 3304 6,
688 3223 765 3308 88.)
989 3279 991 3282 .
1369 3295 1373 3304 ,

219 3314 315 3384 Datis
338 3322 373 3381 et
394 3312 632 3404 Artaphernes‚
660 3309 741 3400 regii
763 3320 929 3402 satrapae,
963 3309 1102 3379 collecto
1125 3310 1271 3380 exercitu
1289 3322 1327 3380 et
1348 3309 1459 3381 classe
1476 3311 1542 3382 600
1558 3335 1611 3380 na-

263 3402 365 3482 uium,
388 3400 490 3482 Sarno
513 3399 770 3494 proficiscuntur,
793 3397 923 3466 Naxum
945 3398 1132 3479 devastant,
1157 3397 1317 3470 Eretriam
1339 3399 1375 3468 in
1396 3399 1531 3468 Euboea
1553 3423 1613 3494 per
1683 3410 1691 3430 ⁸
1821 3407 1830 3420 “

263 3488 484 3583 proditionem
507 3489 649 3581 capiunt,
673 3497 707 3554 et
727 3485 846 3592 Hippia
869 3486 1009 3554 ducein
1032 3483 1173 3555 Atticam
1194 3485 1369 3579 trajiciunt
1413 3487 1480 3556 Sed
1503 3488 1611 3556 devin-
1657 3543 1658 3548 1

264 3576 439 3648 cunturin
462 3598 580 3668 eampo
594 3573 821 3642 Morotlsonro
844 3575 885 3642 ab
900 3573 1155 3644 Atheniensibus
1177 3578 1275 3661 (cum
1298 3575 1388 3644 mille
1405 3573 1610 3659 Plataeens.)

265 3665 349 3734 duce
376 3663 541 3748 Miltiade,
575 3665 668 3752 cujus
695 3661 850 3731 victoriae
879 3661 1052 3732 sollemnia
1080 3672 1194 3758 postea
1223 3665 1253 3732 6.
1282 3661 1531 3732 Baedromionis
1558 3664 1612 3744 die
1924 3731 1928 3738 .

78 3877 82 3884 .
225 3765 405 3944 nostr:
433 3800 514 3908 nn
530 3798 865 3942 amanen·
888 3798 962 3906 m·
985 3799 1158 3934 tarn·
1180 3797 1417 3936 tants·
1440 3800 1612 3910 trenno,
1627 3834 1631 3844 ·
1649 3753 1736 3825 ‘⁴⁹⁰
1791 3834 1838 3905 η

294 3949 405 3994 ecunra
428 3928 598 3996 damnatur
620 3949 658 3993 ac
680 3939 818 3994 montur
828 3975 1353 3998 .................
1368 3949 1371 3958 ’
1376 3977 1611 3997 ........
1668 3931 1735 4001 489
1857 3979 1866 4012 ,

233 3949 469 4083 ltientsrocles
497 4027 531 4084 et
557 4013 729 4084 Aristides
757 4015 865 4097 (arch.
894 4037 1047 4122 euonym.
1076 4015 1128 4082 Ol.
1149 4017 1248 4102 724)
1278 4014 1408 4084 aemuli.
1453 4015 1612 4086 Aristides

272 4099 470 4169 Ostracismo
490 4103 525 4170 in
548 4103 683 4170 exilium
704 4100 844 4170 mittitur
865 4103 989 4188 <tubus
1011 4111 1087 4196 post
1109 4104 1202 4171 annis
1223 4109 1414 4187 revocatus)
1442 4154 1612 4173 ......
1669 4103 1734 4172 483
1855 4155 1865 4189 ,

227 4187 467 4258 Themistocles
488 4189 596 4275 (areb.
619 4213 715 4280 epon.
738 4189 791 4262 01.
807 4191 907 4274 743.)
934 4192 1019 4260 inter
1045 4193 1198 4261 contiuua
1225 4192 1310 4261 bella
1339 4215 1414 4261 cunr
1445 4189 1612 4282 Aeginetis

271 4277 349 4343 dum
372 4275 496 4347 civibus
516 4277 595 4348 suia
611 4277 742 4359 suadet,
775 4291 813 4347 ut
840 4303 882 4348 ex
908 4277 1065 4348 reditibus
1090 4275 1289 4348 beuriomm'
1303 4281 1510 4349 metallorum
1532 4277 1612 4345 clas-
1699 4345 1700 4348 ,

271 4387 346 4454 senr
364 4363 431 4434 900
452 4365 582 4432 navium
606 4367 756 4450 efficiant,
778 4367 922 4436 subsidia
945 4368 1022 4435 balli
1045 4365 1166 4442 Persici
1190 4379 1367 4462 praeparat.
1744 4365 1747 4372 ’

86 4529 90 4536 ,
216 4452 262 4522 ‘ln
303 4461 402 4521 uento
423 4451 509 4520 lama
536 4451 615 4520 belli
636 4454 831 4523 Graecarum
860 4457 1024 4526 civitatum
1052 4457 1227 4525 concilium
1255 4459 1288 4523 in
1318 4454 1440 4522 lstbmo
1462 4451 1611 4530 babetur,

284 4541 369 4643 egati
391 4540 564 4611 mittuntur
583 4540 705 4633 Argos,
734 4543 926 4634 Corcyram,
954 4544 1103 4627 Cretam,
1132 4557 1166 4614 et
1191 4545 1233 4612 ad
1256 4542 1498 4631 Gelonem‘tyr.
1521 4539 1615 4630 Syra·
1671 4625 1734 4695 481
1813 4629 1891 4698 m

270 4651 397 4696 cussum
416 4674 810 4698 .............
814 4649 817 4658 ’
834 4681 1165 4704 ...........
1168 4672 1170 4680 ‹
1188 4678 1420 4699 ........
1427 4683 1430 4691 .
1445 4676 1614 4696 ......
1859 4679 1867 4706 ,
2027 4641 2031 4650 “

228 4715 366 4786 Xerxes
389 4739 464 4784 cum
488 4705 612 4808 ingenti
635 4719 777 4785 exercitu
798 4719 904 4810 primo
926 4743 1002 4789 vere
1018 4717 1172 4787 Sardibus
1197 4727 1317 4796 merset,
1340 4713 1563 4784 Macedoniam
1582 4725 1615 4782 ct
1672 4715 1739 4784 480
1814 4717 1890 4791 744
2064 4701 2068 4716 ”

271 4803 477 4873 Thessaliam
499 4804 595 4874 facile
616 4803 763 4896 subjicit,
793 4829 868 4906 cunr
891 4805 1089 4876 Graecorum
1112 4809 1272 4875 exercitus
1299 4813 1457 4872 terrester
1479 4803 1615 4918 ‹trrgibus
1666 4815 1668 4820 '
1778 4799 1912 4896 ““7”5”,Γ

1485 4892 1507 4960 3
