4554 5476
225 493 329 562 eon.
364 493 428 556 ne‘.
533 493 536 503 '
1270 486 1274 492 ’

474 579 477 590 ’
504 581 609 654 Rom.
632 581 812 654 exeritum
833 580 949 675 potnit.
992 579 1059 652 Per
1082 579 1225 653 biennem
1248 579 1367 656 Boeoti
1393 604 1412 650 a
1436 581 1534 670 Coe,
1559 607 1667 680 neque
1689 559 1841 658 minure
1860 586 1923 660 Lu.

512 673 614 742 cretio
636 672 760 754 Praet,
781 669 894 740 elassis
917 670 1093 763 praesecto,
1115 669 1284 740 vexentur.
1492 691 1496 702 ·

247 759 312 832 170
347 757 430 832 ,tet
468 759 569 844 Coss,
585 760 627 831 A.
649 759 821 830 Hostilius
842 759 1043 842 Mancinus,-
1069 751 1113 827 A.
1134 757 1264 828 Atilius
1284 757 1490 844 surm.)
1534 759 1659 832 Eadem
1686 761 1796 834 hieme
1817 763 1924 836 Maee-
2009 743 2011 748 ¹

512 851 615 918 dones
637 850 777 917 classem
798 845 894 916 Rom.
918 847 1000 916 Orei
1019 844 1249 920 hibernantem
1270 847 1460 938 opprimunt
1482 858 1515 918 et
1537 848 1663 941 aliquot
1684 871 1784 922 nares
1805 852 1925 921 abstra-

510 937 612 1021 bunt,
645 961 689 1006 ne
736 959 842 1028 eper
869 941 1029 1004 teretem
1055 934 1233 1038 quidquam
1261 937 1345 1006 satis
1369 934 1527 1006 Romanis
1554 938 1711 1030 procedit.
1762 939 1923 1011 Hostilius
2050 993 2053 1008 .

501 1025 590 1094 -Coe
608 1047 669 1119 per
733 1023 885 1092 mbunios
906 1032 1036 1092 nrontee
1054 1046 1092 1090 au
1109 1021 1335 1094 Macedoniam
1358 1025 1561 1115 ingressurus
1583 1027 1732 1110 vincitur,
1756 1051 1775 1095 a
1798 1028 1924 1100 diversa

352 1119 359 1130 '
510 1125 603 1208 perte
624 1112 685 1207 Ap.
708 1110 866 1181 Claudius
886 1110 922 1178 in
944 1109 1147 1180 Dassaretiis.
1169 1110 1334 1180 Uscanam
1361 1121 1488 1208 teum
1514 1133 1685 1204 aggresem
1711 1119 1849 1210 turpiter
1874 1139 1924 1188 re·

510 1200 652 1294 pellitur.
693 1199 849 1294 Epirotae
871 1199 912 1266 ad
933 1197 1094 1268 Perseum
1115 1197 1279 1270 deficiunt
1901 1251 1906 1271 ,

245 1291 310 1361 169
360 1288 427 1361 585
469 1287 563 1359 (iuss.
594 1288 635 1377 Q.
662 1288 819 1358 Murrius
847 1285 967 1440 Pdilip
1034 1283 1113 1390 οΙΙ,
1151 1286 1214 1391 Cn.
1238 1284 1406 1390 dmilius
1433 1287 1573 1444 quprio.
1622 1289 1822 1366 Praetor,0.
1850 1290 1924 1360 Sul·

535 1377 617 1447 icius
638 1377 767 1460 Gallus,
791 1377 925 1444 Graecas
957 1385 1062 1444 rtterrs
1084 1373 1358 1465 erudrtresrmes.)
1402 1374 1446 1461 Q.
1507 1377 1735 1458 sesterces,
1771 1403 1831 1472 per
1852 1377 1924 1446 cst

511 1403 663 1560 dpsueen
693 1465 812 1535 sedtum
839 1463 876 1532 in
897 1462 1022 1532 nucu.
1050 1461 1233 1565 inpressas,
1264 1462 1300 1534 in
1327 1486 1407 1534 eum
1432 1465 1543 1534 locum
1570 1487 1607 1534 ee
1641 1467 1791 1557 conjicit,
1824 1467 1922 1547 unde,

352 1569 354 1573 “
489 1557 539 1626 ·si
568 1554 692 1623 bellurn
721 1576 835 1643 gerere
862 1551 1001 1632 Perseus
1029 1548 1212 1634 diluisset,
1245 1550 1368 1619 reditus
1396 1573 1463 1618 nen
1491 1563 1571 1621 erat.
1627 1552 1696 1620 Sed
1728 1555 1785 1622 ille
1813 1554 1846 1622 in
1875 1555 1923 1622 lu·
2068 1577 2074 1586 ’

511 1667 585 1733 gam
607 1643 817 1734 praecipitem
844 1663 882 1709 se
901 1641 974 1720 det,
1001 1637 1114 1708 utrix
1140 1637 1284 1707 demum
1304 1637 1484 1731 resipiscit,
1513 1659 1598 1716 cum,
1615 1641 1748 1710 castella
1773 1641 1920 1712 Macedn-
2060 1711 2065 1724 ,
2202 1691 2204 1699 ·

512 1754 603 1809 num,
624 1729 744 1820 quibus
764 1729 816 1796 via
840 1751 899 1819 per
922 1725 1087 1817 angustias
1113 1724 1148 1792 in
1170 1725 1376 1796 Thessaliam
1405 1727 1513 1796 fermus
1541 1727 1714 1796 intercludi
1743 1739 1871 1821 posset,
1903 1752 1923 1796 a

511 1819 609 1888 Rom.
643 1826 879 1908 expugnantur.
921 1813 1040 1903 Neque
1066 1836 1145 1881 veru
1174 1815 1291 1884 ceteris
1321 1837 1365 1906 qp
1389 1815 1618 1884 ortunitatibns
1646 1817 1789 1885 scienter
1808 1818 1922 1898 utitur,

415 1927 416 1932 ¹
513 1905 648 1974 avaritia
671 1911 873 1986 occaecatus,
895 1900 1058 1994 praesenti
1081 1900 1267 2006 lllyriorum
1291 1911 1326 1970 et
1377 1901 1514 1972 altorem
1538 1905 1679 1986 auxilio,
1702 1906 1783 1974 item
1804 1905 1922 1987 Eume·

511 1991 564 2062 nis
586 2005 618 2061 et
640 1991 853 2072 Rhodiorum,
877 1990 933 2081 qui
956 1988 1079 2058 dudrun
1102 2011 1268 2058 animose
1291 1989 1449 2058 Romanis
1471 1991 1597 2060 alienos
1620 1991 1788 2060 baberent
1928 2059 1929 2062 ,
2010 2034 2012 2046 =

617 2080 836 2149 censebunt
858 2081 896 2146 Ο.
919 2075 1075 2146 Claudius
1096 2075 1252 2158 Pulcher,
1280 2076 1333 2146 Ti.
1355 2079 1571 2183 Semprpnius
1594 2079 1777 2160 Gracchus,
1805 2103 1825 2148 e
1853 2079 1924 2174 qni·

510 2167 573 2238 bus
595 2165 739 2238 libertini
761 2192 804 2236 ex
823 2166 953 2236 rusticis
968 2163 1115 2234 tribubus
1129 2164 1165 2241 iu
1179 2163 1384 2257 Requilinsm
1399 2167 1627 2258 coujrcinntur.
1674 2167 1816 2237 Basilica
1831 2167 1943 2263 Sem-f
2035 2217 2038 2230 ,
2138 2159 2182 2188 ‘'

510 2257 626 2350 pronis
640 2257 817 2326 extruitur.
861 2253 997 2322 Ennius
1043 2259 1116 2322 eeu
1138 2255 1284 2322 moritur.

1973 2237 1993 2278 s

240 2343 306 2454 t68
359 2343 426 2416 586
466 2345 814 2418 casamentum
835 2342 984 2413 Paullus
999 2277 1055 2418 dd,
1079 2343 1116 2410 C.
1139 2339 1293 2410 Licinius
1316 2340 1498 2428 Croesus.)
1534 2333 1675 2410 Paullus
1696 2365 1773 2412 cunr
1795 2343 1923 2438 supple·
1980 2389 1985 2412 r

511 2428 623 2502 mente
646 2435 687 2502 ed
709 2432 889 2502 exercitum
910 2431 1077 2522 proiectus
1099 2439 1226 2521 partem
1249 2428 1418 2584 cqpiarum
1440 2453 1499 2523 per
1516 2429 1717 2500 Cambunios
1740 2443 1872 2501 montes
1888 2433 1924 2502 in
2070 2440 2072 2446 '

381 2551 389 2558 ·
509 2519 721 2590 Macedoniae
743 2521 839 2611 plana
862 2519 1013 2586 demittit.
1036 2539 1105 2606 quo
1131 2517 1183 2598 fit,
1215 2526 1254 2584 ut

511 2609 589 2678 dev.
615 2609 752 2688 relictis,
772 2605 926 2695 Pydnam
952 2603 1092 2670 recedat.
1135 2602 1293 2694 Sequitur
1319 2602 1396 2672 Ges.
1426 2613 1460 2672 et
1487 2605 1557 2674 acie
1583 2627 1661 2674 cum
1687 2603 1924 2677 Macedonibus

513 2695 669 2784 contigit,
690 2693 737 2760 tlt
760 2692 844 2760 Non:
859 2691 951 2782 Sept.
992 2688 1105 2756 Caesis
1121 2700 1177 2756 ant
1191 2688 1346 2780 dispessis
1358 2689 1534 2782 peditibus,
1556 2713 1614 2760 rex
1630 2715 1705 2774 cnm
1728 2693 1819 2761 omni
1834 2697 1962 2788 eqni-3
1995 2769 1997 2776 y

512 2793 581 2851 tatu
606 2779 728 2871 effugit,
751 2790 787 2848 et
806 2781 984 2868 desperans
1007 2775 1175 2843 de'satute
1200 2800 1277 2844 curn
1304 2778 1417 2866 paucis
1439 2777 1681 2933 Amphipolim,
1709 2779 1787 2848 inde
1808 2779 1923 2850 Samo.

1580 2888 1600 2933 o

513 2868 645 2938 thraceu
669 2866 761 2958 petit.
805 2863 855 2931 lbi
877 2865 1033 2952 deceptus
1062 2885 1079 2928 a
1104 2861 1267 2937 Cretensi.
1294 2863 1352 2954 qui
1380 2887 1456 2931 enm
1486 2867 1527 2932 ed
1601 2876 1670 2956 tym
1691 2865 1851 2950 'Pbraciee
1872 2893 1923 2939 re.

556 2954 626 3022 lum
647 2951 921 3021 transvebendum
944 2959 1119 3040 receperat,
1143 2949 1203 3017 (ln.
1227 2950 1364 3018 Octavio
1385 2949 1487 3042 praet.
1510 2951 1603 3022 class.
1627 2975 1701 3023 sese
1723 2953 1814 3024 dedit
1834 2967 1869 3026 et
1882 2957 1925 3027 ed

544 3065 592 3110 os.
613 3042 761 3109 mittitur.
806 3039 1016 3108 Macedonia
1031 3036 1119 3104 ⁴intre
1142 3059 1265 3131 paucos
1288 3037 1359 3106 dies
1373 3038 1409 3106 in
1422 3047 1548 3126 petest.
1564 3037 1799 3109 Romanorum
1819 3045 1923 3116 omit.

512 3129 552 3198 L.
573 3130 710 3198 Anicius
730 3128 865 3196 Pr'e'etor
886 3124 1024 3194 celerius
1045 3125 1144 3192 etiem
1166 3125 1290 3194 bellum
1313 3125 1480 3217 Illyricum
1507 3125 1655 3210 conficit,
1683 3127 1807 3199 Scodm
1830 3144 1925 3238 cepte

514 3230 547 3288 et
569 3217 689 3286 Gentio
710 3239 787 3307 rege
809 3215 930 3284 dedito.
974 3213 1064 3280 ldenr
1088 3212 1249 3304 Epirotas,
1273 3215 1330 3306 qui
1353 3213 1548 3297 deiecerant,
1571 3215 1607 3282 in
1629 3227 1747 3308 potest
1769 3220 1897 3311 redigit.
2035 3249 2039 3263 ·

161 3345 164 3352 ν
240 3305 306 3378 167
360 3305 427 3375 587
470 3305 563 3377 Coss.
579 3305 630 3460 X.
653 3303 771 3374 Aelius
792 3304 937 3385 Paetus,
960 3301 1013 3368 M.
1032 3299 1310 3371 detemptores
1332 3301 1457 3387 (umbo
1480 3303 1524 3370 de
1541 3301 1679 3392 pleds).
1722 3305 1774 3374 En
1795 3320 1925 3378 senten·

512 3395 557 3466 tie
633 3392 816 3482 legatorum
837 3389 1027 3460 Macedonia
1049 3389 1085 3456 in
1106 3399 1260 3494 quattuor
1286 3391 1438 3493 regiones
1465 3390 1586 3472 divisa,
1619 3415 1758 3496 quarum
1780 3393 1865 3466 inter
1885 3415 1924 3467 se

513 3481 674 3552 connubia
698 3480 872 3561 tolluntur,
894 3477 996 3546 libera
1019 3499 1091 3546 esse
1128 3477 1243 3549 ubetur
1265 3477 1502 3568 dimidiumque
1522 3479 1635 3548 tribute
1656 3479 1784 3550 solvere
1805 3482 1926 3554 Reme-

512 3571 577 3652 nis,
645 3569 688 3636 od
709 3567 778 3657 regi
800 3565 958 3636 debuerit·
1002 3564 1086 3654 Item
1126 3565 1214 3657 llyrii
1236 3564 1417 3633 liberentur
1438 3574 1473 3632 et
1494 3564 1633 3658 vectigal
1672 3568 1790 3638 endere
1812 3571 1926 3664 juben·

513 3669 575 3736 tur.
649 3654 756 3723 bediis
777 3653 864 3724 haud
885 3652 1026 3722 multum
1049 3652 1150 3734 abest,
1173 3652 1255 3746 quin
1271 3651 1395 3720 bellum
1410 3650 1581 3722 indicatur.
1625 3591 1670 3723 ff

513 3747 554 3813 ed
576 3744 732 3812 Perseum
755 3741 963 3820 deiecissent,
985 3738 1102 3831 oppida
1125 3740 1167 3808 ed
1189 3741 1233 3809 70
1255 3740 1296 3807 ab
1319 3737 1464 3808 exercitu
1479 3765 1521 3810 ex
1535 3739 1661 3814 Maced
1683 3747 1842 3816 redeunte
1855 3771 1924 3818 une

514 3835 567 3903 die
596 3831 799 3924 diripiuntur.
843 3827 961 3918 Neque
994 3838 1104 3896 tamen
1133 3827 1254 3897 milites
1280 3828 1400 3920 praeda
1427 3828 1608 3921 explentur.
1658 3830 1783 3901 Purelli
1808 3835 1923 3903 trium·

509 3921 608 4016 plius,
631 3921 696 4013 ipsi
717 3920 876 4001 funestus,
888 3913 1002 4007 finem
1023 3915 1135 4008 offert
1156 3915 1366 3995 tributum,
1386 3939 1492 4009 usque
1513 3919 1556 3986 ad
1571 3917 1714 3988 Hirtium
1736 3930 1771 3988 et
1783 3919 1924 3996 Pansam

514 4012 607 4080 Coss.
652 4007 894 4080 Cn..0ctavius
915 4005 957 4072 de
980 4004 1143 4072 manubiis
1162 4005 1326 4097 porticum
1348 4004 1519 4076 Octaviam
1539 4005 1600 4076 sac.
1621 4017 1721 4076 uuas

617 4096 663 4164 In
685 4095 717 4161 le
736 4117 771 4161 cr.
794 4093 888 4163 Liuii
909 4091 1063 4163 Annales
1083 4093 1180 4161 nodis
1201 4093 1367 4162 diamur.

246 4181 312 4252 166
364 4177 430 4250 588
470 4183 564 4251 Coss.
586 4185 636 4252 M.
660 4183 826 4252 Claudius
846 4179 1054 4263 Marcellus,
1081 4181 1118 4248 C.
1139 4177 1309 4268 Sulpicius
1333 4179 1491 4270 Gallos.)
1536 4179 1629 4249 Coss.
1651 4180 1687 4247 in
1710 4179 1813 4254 Gallis
1834 4181 1925 4280 etpi-
2018 4197 2019 4200 ’

514 4271 567 4340 nis
589 4283 623 4343 et
643 4270 816 4424 Liparibus
839 4267 926 4338 bello
941 4280 1041 4424 peste
1062 4269 1273 4363 triumphant.

622 4358 673 4424 An
697 4359 742 4425 rie
770 4357 919 4426 Terentii
956 4357 1050 4426 nbula
1072 4357 1177 4426 editur
1197 4358 1284 4427 ludis
1305 4352 1555 4448 Megalensibus.

246 4446 330 4518 165-
364 4443 433 4516 569
472 4444 566 4515 Coss.
594 4445 631 4513 T.
654 4443 809 4514 Manlius
839 4445 1049 4536 Torquatus,
1071 4445 1132 4513 Cu.
1159 4443 1360 4530 Octavius.)
1400 4439 1606 4510 Achaeorum
1626 4441 1792 4538 principes
1819 4447 1924 4519 terme
1955 4505 1960 4515 ,

420 4580 423 4590 ·
516 4533 617 4608 mille,
640 4544 678 4601 ut
699 4556 718 4600 a
742 4533 930 4602 criminibus
951 4535 1053 4602 initae
1074 4555 1151 4602 cum
1165 4533 1287 4602 Persen
1303 4529 1480 4610 societatis,
1501 4530 1728 4600 emerentibus
1750 4532 1924 4608 Callicrate

516 4633 551 4691 et
571 4620 770 4700 Andronida,
792 4643 829 4688 se
850 4631 999 4716 purgent,
1021 4621 1161 4689 Romam
1185 4627 1370 4700 evocantur,
1392 4625 1428 4684 et
1447 4615 1569 4687 indicta
1590 4641 1687 4687 censa
1709 4620 1832 4693 circum
1854 4649 1923 4700 mu-

515 4709 635 4802 nicipia
658 4719 693 4779 et
714 4707 859 4777 coloniae
886 4709 1092 4778 custodiendi
1117 4709 1339 4790 dimittuntur,
1374 4726 1485 4798 neque
1512 4705 1549 4774 in
1574 4705 1729 4801 petriam,
1762 4710 1827 4781 nisi
1847 4723 1925 4806 pest
2036 4706 2045 4786 f

516 4800 559 4870 16
582 4821 687 4868 anuos
707 4797 854 4867 redeunt
877 4795 1087 4890 (Polybius.)
1465 4881 1483 4949 ί
1488 4879 1535 4950 1,

1302 2539 1431 2600 erseus,
1454 2518 1668 2587 munimentis
1695 2519 1738 2586 ed
1758 2517 1924 2612 Enipeum
1978 2535 1981 2545 ’

1655 3657 1844 3750 piratarum,
1865 3661 1925 3754 qui
2070 3703 2072 3716 ·
