4566 5476
290 603 357 684 ivi,-
376 598 623 674 Lucedaemcnii
644 615 757 672 nmen
781 601 822 670 sd
838 587 933 698 pacis
955 601 1166 674 condiclones
1188 599 1389 672 descendere
1409 599 1535 686 nolant,
1563 619 1607 672 ne
1646 509 1746 575 ''Ch'‘
1791 511 1905 596 mm*

200 732 202 736 ·
300 691 1377 761 eserniamnmittaut.......................
1400 736 1606 762 .......
1665 689 1731 760 366
1776 691 1892 776 ι103,3

224 779 262 848 ln
283 779 470 847 Macedonia
493 779 683 848 Perdiccas
698 777 766 846 ΙΙΙ
785 777 913 848 snblato
935 779 1125 849 Ptolemaeo
1146 803 1287 870 regnum
1307 777 1608 872 adeptos-triginta

50 850 69 977 λ’
201 873 203 878 ’
254 867 395 936 “obsides
416 866 581 936 'thebanis
602 867 711 946 tradit,
733 867 883 958 interque
905 891 961 936 cos
986 867 1348 958 Philippumclratrem
1371 889 1468 936 suum
1664 865 1731 935 366
1792 857 1900 947 tons·

222 952 348 1024 Novum
384 955 504 1024 bellom
539 956 574 1020 in
601 953 831 1046 Peloponneso
863 969 1012 1050 eruperat
1044 958 1129 1035 inter
1154 957 1312 1026 Arcades
1343 967 1377 1024 et
1404 955 1518 1024 Eleas.
1565 951 1607 1022 ili

263 1043 378 1110 frustra
407 1046 458 1133 jus
485 1065 581 1110 arrrrm
609 1041 760 1110 ludorum
781 1044 914 1136 Olyrnp.
943 1045 1159 1113 curandorum
1185 1045 1285 1114 armis
1311 1053 1455 1112 tuentur.
1499 1041 1607 1118 Pisaei

264 1139 297 1199 et
320 1131 460 1198 Arcades
484 1131 568 1198 ludis
612 1142 742 1204 raesnnt
758 1173 1607 1202 ...........................
1665 1127 1731 1196 361
1796 1124 1891 1210 thid

165 1252 177 1264 ·
223 1215 453 1304 Orchomenos
474 1243 492 1286 a
515 1155 723 1310 'l'bchanisp
785 1229 837 1286 ter
856 1219 974 1308 agitata
996 1218 1189 1288 deiectionis
1211 1219 1345 1314 consilia
1369 1219 1494 1287 deletur
1665 1217 1732 1284 364
1860 1230 1862 1235 ’

220 1304 412 1393 Pelopidas
434 1304 466 1372 in
488 1305 577 1374 hello
599 1317 709 1375 contra
725 1241 952 1374 hlcxandmm
977 1307 1159 1377 Pheraeum
1181 1307 1284 1376 victor
1307 1307 1473 1376 occumbit
1500 1359 1509 1378 .
1534 1355 1543 1376 .
1665 1303 1732 1372 361

220 1391 463 1462 Demosthenes
486 1393 621 1486 primam
645 1395 824 1462 orationem
847 1393 947 1462 habet
968 1407 1080 1464 contro
1102 1405 1328 1468 tutoressuos
1343 1442 1607 1465 .........
1665 1391 1732 1460 364
1796 1387 1891 1474 tuln

220 1480 363 1549 Arcades
384 1504 497 1574 pacem
520 1481 641 1550 iaciunt
661 1506 735 1550 cum
759 1483 861 1563 Eleis.
881 1485 938 1551 sed
962 1483 1048 1552 inter
1068 1494 1175 1553 semel
1196 1483 1259 1574 ipsi
1279 1481 1466 1552 discordant
1665 1479 1732 1550 363

155 1575 158 1580 ’
220 1567 369 1636 Thebani
392 1569 668 1656 Epanriaondam
690 1583 839 1662 qrrartum
863 1591 938 1642 cnm
961 1572 1106 1640 exercitu
1128 1572 1160 1638 in
1173 1570 1441 1664 Peloponnesum
1465 1573 1608 1651 mittunt,

262 1657 497 1748 prohibiturum
522 1679 563 1724 no
586 1658 833 1727 Lacedaemonii
860 1659 1001 1748 priorem
1030 1660 1210 1752 potentiam
1238 1667 1432 1751 recuperent
1458 1668 1492 1726 et
1517 1661 1609 1726 Arca·

207 1801 215 1808 .
265 1749 322 1812 des
344 1745 405 1812 sibi
422 1747 610 1835 adyungant,
634 1747 668 1812 lit
683 1755 692 1824 1
706 1747 754 1812 11.
771 1746 956 1848 Sciroplmr.
979 1747 1000 1811 i.
1017 1769 1046 1812 c.
1062 1747 1181 1826 lanio)
1198 1769 1305 1838 pogna
1325 1747 1364 1812 ad
1380 1745 1608 1822 Mantineam,
1709 1761 1711 1770 ¹

265 1831 298 1899 in
321 1833 384 1922 qua
409 1832 649 1936 Dpuorinondas
671 1834 942 1900 victor-moretur.
988 1833 1080 1916 (Huc
1106 1857 1211 1926 usque
1232 1834 1419 1927 Xenophon
1441 1833 1610 1902 historiam
1668 1829 1736 1898 363
1798 1825 1896 1913 1060

222 1931 493 2111 Paechhiplsahiiiht
514 1986 667 2076 ¹ciuitates
694 2006 921 2098 belligerantes
947 2018 1076 2100 praeter
1102 2005 1396 2088 Lacedaemonios,
1427 2003 1611 2092 libertatem

263 2093 502 2163 Messeniorum
524 2097 756 2164 conterentes
789 2137 1612 2166 ..........................
1669 2089 1737 2160 363
1798 2087 1897 2176 tots

220 2180 405 2273 Agesilaus
425 2184 458 2250 in
483 2183 665 2276 Aegyptum
688 2183 902 2276 proliciscitur
923 2184 963 2250 nd
977 2181 1136 2263 Tachnm,
1157 2185 1250 2273 cujos
1263 2183 1358 2250 classi
1376 2193 1505 2288 praeest
1523 2180 1612 2248 Clea-

264 2269 362 2338 hrias
383 2270 602 2339 Atheniensis.
647 2271 760 2340 Tacho
783 2295 861 2339 mcx
876 2272 1022 2342 srrcce'dit
1038 2270 1255 2340 Nectanehus.
1290 2270 1461 2361 Agesilaus
1476 2271 1613 2336 domum

155 2399 160 2406 ·
252 2365 430 2428 'revertens
453 2359 589 2427 moritur
751 2401 1319 2428 ..................
1338 2397 1349 2431 1
1372 2401 1611 2429 ........
1669 2352 1733 2424 361
1798 2349 1897 2424 1013

222 2441 439 2516 Athenienses
460 2471 537 2516 cum
560 2447 724 2542 Olynthiis
746 2448 787 2516 de
809 2447 999 2542 Amphipoli
1021 2447 1253 2517 contendunt.
1276 2495 1285 2513 .
1308 2489 1339 2514 ‚,
1340 2492 1612 2516 .........
1670 2441 1736 2514 360
1800 2439 1896 2526 106,1

223 2619 507 2690 PHILIPPUS
521 2621 643 2689 Thebis
665 2621 937 2690 inlllncedoninm
960 2645 1118 2700 reversus,
1142 2632 1297 2712 tutorque
1318 2621 1423 2690 lactus
1441 2619 1613 2710 Amyntae,

269 2709 376 2776 iratris
399 2709 591 2787 (Perdiccae
610 2709 656 2775 111
684 2711 739 2800 quai
764 2711 804 2776 ch
828 2709 945 2801 illyriis
968 2733 1082 2778 caesus
1107 2711 1282 2794 1161111,
1309 2731 1447 2800 regnum
1478 2719 1615 2799 occupat
1785 2771 1793 2778 .

204 2855 210 2862 .
269 2795 313 2862 23
337 2817 439 2860 annos
462 2808 557 2862 natos
594 2839 1287 2864 ......................
1292 2819 1319 2861 ·.
1343 2843 1359 2868 .,
1376 2837 1614 2862 ........
1658 2791 1739 2861 369
1803 2787 1898 2872 106,1

226 2881 389 3034 Aryneum
412 2883 502 2970 regni
532 2879 697 2948 aemulum
726 2883 765 2945 ab
792 2883 909 2948 Atb'en.
939 2883 1085 2972 adjutum
1111 2881 1228 2964 vincit,
1252 2903 1328 2950 curn
1350 2877 1615 2962 Atheniensibus,

283 2963 1904 3060 iberatahmpbipoli,pacemlacit.......................3591053
2004 2995 2008 3002 ·

72 3109 80 3116 -
225 3055 302 3137 Set,
326 3053 512 3122 Paeonibus
542 3067 575 3123 et
599 3055 714 3146 illyriis
732 3057 834 3131 victis,
863 3057 971 3122 denuo
999 3055 1223 3146 Amphipolim
1252 3055 1340 3125 bello
1367 3057 1504 3148 premit,
1538 3053 1616 3122 dum

183 3161 190 3166 ·
268 3141 486 3212 Athenienses
509 3143 542 3210 in
564 3141 697 3212 Euboea
721 3151 831 3212 contra
853 3140 1030 3210 Thebanos
1053 3143 1209 3211 dimicant
1247 3188 1615 3211 ............
1674 3141 1741 3212 368
1803 3141 1901 3225 1063

135 3269 143 3280 ·
225 3229 313 3302 Socii
339 3229 586 3298 Atheniensium
607 3229 715 3314 (Chii,
740 3231 818 3309 coi,
843 3229 979 3307 Rhodii,
1007 3231 1172 3319 llyzantii)
1200 3231 1361 3300 deficiunt
1408 3225 1542 3298 Bellum
1565 3251 1617 3296 so·
1674 3231 1738 3312 367

267 3319 360 3388 ciale
384 3319 506 3411 incipit.
551 3317 683 3388 Chares
706 3319 745 3388 ad
769 3319 1019 3410 oppugnandam
1036 3317 1157 3385 Chium
1180 3319 1297 3388 missus
1320 3316 1407 3388 male
1428 3337 1505 3388 rem*
1521 3317 1617 3408 gerit,
1843 3365 1847 3375 ·
1912 3372 1933 3412 4

152 3491 155 3496 Ι
269 3405 445 3478 Chabrias
467 3409 500 3473 in
523 3417 618 3498 pbrlu
642 3429 716 3474 cum
740 3429 821 3476 nave
844 3429 902 3474 sua
925 3407 1008 3498 perit
1053 3452 1616 3474 ..................
1674 3401 1746 3476 367
1803 3403 1904 3492 1064

225 3493 342 3588 Neque
363 3506 478 3584 postea
501 3495 576 3561 Alb.
599 3493 760 3563 feliciores
781 3506 868 3574 sunt,
891 3493 1149 3562 discordantibus
1172 3515 1285 3562 eorum
1307 3493 1511 3586 praetoribus
1533 3492 1617 3572 Cha·

269 3594 350 3665 rete,
373 3581 576 3662 Menestheo,
599 3580 770 3674 Iphicrate,
793 3581 978 3650 Timotheo.
1227 3609 1236 3616 ’
1437 3629 1441 3636 -

228 3669 362 3741 Interim
384 3669 554 3762 Philippos
578 3669 801 3762 Ampbipolim
824 3680 858 3739 et
879 3669 1026 3760 Pydnam
1048 3668 1135 3748 1161,ι
1160 3666 1352 3738 Potidaeam
1375 3666 1542 3760 Olynthiis
1563 3692 1617 3738 ex·
1674 3667 1747 3740 366·

271 3756 1617 3938 111111111111111111111111111111’ηὸἱδ
1675 3844 1741 3916 aaa
1805 3840 1901 3910 1061

233 3930 307 3999 Alh.
330 3955 440 4022 pacem
462 3935 585 4003 iaciunt
606 3957 681 4004 cum
703 3934 801 4002 sociis
823 3933 903 4001 olim
926 3934 995 4001 suis
1024 3979 1486 4003 ...............
1502 3981 1518 4016 ,.
1541 3983 1550 4002 .
1575 3983 1584 4001 .
1608 3983 1616 4000 .
1675 3933 1743 4004 366
1807 3930 1901 4010 10161

143 4023 146 4028 ’
232 4017 424 4089 Timotheus
446 4031 479 4088 ct
498 4021 672 4114 lpbicrntes
693 4023 814 4114 injuste
831 4033 1022 4089 accusantur
1037 4019 1185 4102 Athenis,
1207 4019 1401 4090 Timotheus
1416 4021 1515 4090 etiam
1538 4021 1619 4089 mul·

275 4117 362 4174 tatus
384 4106 417 4174 in
439 4109 572 4179 exilium
596 4112 629 4180 it.
675 4109 922 4196 Demosthenes
944 4111 977 4177 in
999 4109 1114 4201 populi
1137 4110 1476 4212 contione'orationes
1499 4109 1618 4179 hebere

231 4188 1742 4389 111111111111111111·11111111·111111110*
1805 4186 1905 4306 ¹⁰⁶³

278 4371 338 4438 bus
360 4369 626 4440 Lacedaemonas
649 4397 826 4466 eorumque
849 4396 925 4464 rege
948 4374 1162 4452 Archidamo,
1190 4373 1375 4444 laventibus
1398 4374 1497 4441 ctiam
1521 4369 1617 4438 Athe·

121 4457 126 4468 '
276 4458 456 4534 aiensibus,
485 4461 599 4552 templi
613 4459 765 4553 Delphici
788 4485 898 4530 curam
921 4461 961 4538 sd
984 4484 1021 4530 ae
1043 4461 1185 4540 trahunt.
1207 4460 1422 4555 Delphosque
1444 4456 1542 4525 armis
1564 4457 1620 4524 ob·

275 4545 383 4614 tinent
415 4591 1456 4618 .................................
1462 4593 1490 4626 v.
1514 4592 1522 4613 .
1677 4541 1742 4610 366
1805 4541 1906 4628 10164

232 4631 368 4704 Bellum
395 4655 530 4702 sacrrrm
559 4635 732 4727 praecipue
765 4660 783 4702 a
811 4635 978 4706 Thebanis
1007 4647 1045 4722 ¹et
1073 4635 1290 4704 Locrensibus
1317 4641 1428 4699 contra
1461 4653 1519 4714 eos
1552 4631 1621 4722 geri
1677 4629 1743 4700 366

277 4733 441 4814 coeptum,
463 4721 602 4828 dacibus
626 4723 841 4790 Phocensium
864 4725 978 4792 deince
1001 4747 1018 4791 s
1041 4723 1250 4800 Philomela,
1276 4717 1505 4800 omnimodo,
1525 4717 1621 4789 Pha·

214 4899 222 4908 .
266 4812 358 4900 ylla,
382 4811 544 4891 iratribus,
565 4823 600 4881 et
623 4809 819 4882 Oncrnarchi
842 4811 911 4882 lilio
934 4811 968 4884 P
992 4811 1124 4879 aloem.
1492 4893 1538 4966 4.
