4554 5476
361 489 466 557 acha.
501 457 596 553 te..

1014 257 1443 432 -us-·

755 575 892 648 Interim
911 575 950 645 (l.
973 576 1118 662 Gasaias,
1139 577 1234 668 Syria
1256 577 1292 646 ia
1313 585 1511 672 potestatem
1539 573 1682 655 redacta,
1709 573 1917 646 Dolabellam
1946 573 2063 645 laodi-

652 688 731 738 ceae
752 678 884 760 captum
906 666 949 736 ad
970 678 1110 736 mamm
1133 667 1247 756 adigit,
1276 676 1312 736 et
1332 689 1408 734 cnm
1428 665 1544 746 Bruto,
1564 663 1749 734 Thracibus
1766 664 1871 748 vietis,
1892 665 1930 733 in
1951 666 2065 738 Asiam

651 765 852 846 transgresso
873 754 933 822 Sm
1015 755 1098 824 ede
1118 753 1207 822 bella
1229 753 1372 858 gerendo
1400 751 1572 822 consultat.
1617 750 1698 819 Inde
1720 753 1855 834 diversi,
1885 775 1929 821 ne
1956 754 2014 846 qui
2044 777 2066 820 a

653 854 745 933 tergo
767 844 878 912 hostes
898 864 934 911 re
949 845 1132 934 inquantur,
1155 841 1289 910 Cassius
1303 840 1460 924 Rhodios,
1483 839 1604 908 Bmtus
1619 836 1739 930 Lycius
1760 841 1925 932 subigunt,
1947 851 1982 910 et
1996 863 2065 932 gra·

654 931 748 1002 vibus
768 932 900 1000 tributis
922 929 968 996 im
1013 929 1091 997 ratis
1115 928 1237 997 bellum
1260 939 1384 1020 parant.
1695 948 1699 954 ¹
1992 977 2003 986 .

759 1017 807 1087 P..
820 1018 956 1086 Ovidius
1011 1040 1067 1084 asu
1089 1016 1316 1085 sulmonensis
1336 1015 1369 1082 b.
1393 1038 1423 1083 a.
1444 1025 1540 1082 natus
1562 1025 1614 1083 eat
1632 1035 1693 1084 xm
1715 1012 1784 1084 cat
1805 1011 1834 1083 Α
1858 1013 1908 1085 ril

399 1100 444 1176 ld
504 1105 571 1176 712
610 1104 706 1176 coss.
733 1103 770 1172 h.
787 1105 966 1173 Munatius
979 1104 1145 1185 Plancus,
1168 1105 1219 1172 M.
1234 1103 1397 1172 Aetnilius
1411 1103 1563 1193 Lepidus
1576 1100 1629 1183 II,
1653 1127 1713 1196 pro
1779 1126 1800 1171 a
1845 1103 1977 1171 chuerat
1992 1123 2066 1170 esse

654 1192 700 1260 D.
720 1191 875 1277 Brutus.)
900 1192 1084 1260 -Antanius
1106 1201 1141 1260 et
1163 1190 1286 1260 Caesar
1307 1189 1381 1260 Oct·
1403 1213 1479 1260 eum
1500 1191 1714 1272 exercitibus,
1748 1201 1852 1261 mstrr
1871 1188 2066 1282 probibente

654 1280 780 1363 Murco,
802 1280 978 1354 Cassianae
1000 1280 1115 1348 classis
1137 1280 1313 1370 praelecto,
1339 1279 1375 1346 iu
1397 1277 1566 1346 Graeciam
1587 1279 1762 1364 trajiciunt,
1785 1290 1819 1347 et
1840 1277 2067 1346 Macedonium

563 1437 569 1446 ,
656 1367 781 1438 emensi
810 1379 922 1436 contra
944 1364 1097 1436 Cassium
1118 1376 1154 1434 et
1174 1367 1313 1434 Brutum
1341 1367 1378 1432 in
1403 1386 1527 1455 campo
1558 1363 1772 1455 Philippensi
1798 1377 1901 1436 casua
1927 1376 2065 1459 ponunt.

655 1453 821 1522 Proelium
844 1455 882 1524 fit
903 1456 1027 1524 incerto
1050 1464 1184 1536 eventu,
1207 1477 1284 1522 nam
1305 1454 1469 1545 utrimque
1492 1453 1606 1520 dextro
1633 1473 1737 1520 coma
1756 1453 1923 1522 vincentes
1945 1465 1980 1522 et
1999 1456 2066 1522 An·

515 1543 520 1552 ⁴
654 1543 765 1611 tonius
787 1553 822 1611 et
841 1543 979 1624 Bmtus,
1013 1552 1117 1612 castra
1147 1541 1401 1614 aduersariorum
1428 1541 1575 1632 eupiunt,
1609 1541 1666 1608 sed
1689 1539 1838 1626 Cassius,
1872 1563 1963 1623 cum,
1996 1541 2067 1620 suia

656 1629 786 1698 amissis
807 1630 932 1711 castris,
957 1629 1055 1698 etiam
1079 1629 1216 1699 Brutum
1238 1630 1402 1698 devictum
1423 1639 1533 1720 putet,
1555 1627 1678 1696 infelici
1701 1651 1819 1706 errore,
1841 1628 2067 1720 sibimetipse

656 1729 796 1788 mortem
818 1717 1001 1786 consciscit.
1045 1716 1232 1820 Disiectum
1259 1719 1330 1806 ejus
1357 1716 1536 1786 exercitum
1557 1716 1678 1784 Brutus
1706 1713 1848 1804 colligit,
1882 1726 1916 1785 et
1942 1739 2001 1806 per
2021 1717 2067 1782 vi·

679 1806 739 1874 'nti
761 1805 831 1874 dies
855 1804 980 1898 optimu
1003 1805 1141 1874 consiliu
1164 1804 1287 1872 bellum
1301 1805 1434 1884 ducens,
1456 1803 1569 1871 hostes
1584 1803 1695 1894 inopia
1710 1805 1839 1895 prenrit,
1861 1803 1993 1872 undem
2007 1803 2066 1871 mi·

656 1827 753 1962 hun
775 1893 910 1962 nucibus
932 1892 1052 1962 cedens
1074 1891 1234 1987 praelium
1257 1893 1444 1974 committit,
1478 1914 1545 2044 quo
1567 1899 1601 1958 at
1622 1891 1693 1981 ipsa
1714 1891 1869 1972 uincitur,
1889 1890 1985 1995 fugae
2006 1889 2067 1958 ini·

657 1980 709 2050 tia
732 2003 752 2048 a
775 1979 941 2050 cassianis
964 1993 1046 2050 orto.
1091 1979 1292 2048 Occiduntur
1321 1978 1418 2047 multi
1443 2001 1485 2046 no
1511 1979 1571 2048 iles
1598 1981 1749 2068 praenes,
1781 1964 1901 2047 Brutus
1928 2001 1963 2048 ru
1989 1977 2066 2068 luga

660 2069 852 2160 pertentatis
867 2068 1009 2137 militam
1026 2067 1154 2150 animis,
1177 2089 1253 2136 cum
1271 2067 1425 2136 dimicare
1441 2066 1580 2172 amplius
1595 2065 1730 2148 nollent,
1752 2065 1967 2135 uoluntariam
1983 2089 2067 2136 mur·

657 2159 725 2224 tem
758 2157 837 2225 ubit.
883 2155 1009 2239 Ceteri,
1039 2156 1105 2225 nisi
1126 2156 1183 2246 qni
1206 2154 1247 2222 ad
1268 2153 1346 2224 Sex.
1369 2153 1580 2247 Pompequm,
1616 2153 1673 2243 qai
1695 2155 1766 2244 'jam
1793 2159 1966 2245 occuparat
1986 2154 2067 2221 Sici·

657 2241 750 2324 liam,
772 2255 951 2324 evaserant,
974 2244 1151 2312 victoribus
1171 2265 1209 2310 se
1234 2246 1446 2334 permittunt,
1474 2252 1605 2310 auctore
1626 2241 1798 2308 Messalla
1819 2240 1918 2322 (Cos.
1940 2264 1969 2308 a.
1989 2243 2063 2327 31).

658 2329 740 2396 lnde
762 2330 874 2396 divisis
898 2330 1092 2416 legionibus,
1115 2329 1277 2398 Antonius
1298 2329 1333 2396 in
1356 2331 1467 2397 Asiam
1489 2327 1714 2419 proficiscitur,
1736 2329 1857 2398 Caesar
1871 2327 1998 2398 ltaliam
2017 2351 2067 2398 rs·

658 2414 752 2508 petit
798 2414 837 2483 C.
859 2415 993 2484 Asinius
1014 2415 1152 2509 procos.
1174 2416 1208 2483 in
1231 2415 1361 2506 illyrico
1383 2415 1556 2484 Parthinos
1576 2415 1811 2484 tumultuantes
1831 2415 1963 2496 vincit.¹
2073 2411 2078 2418 ’

764 2502 806 2572 Η.
830 2526 860 2571 ε.
882 2524 938 2572 xm
953 2503 1023 2570 Cal.
1048 2503 1128 2572 Dec.
1152 2514 1247 2570 natus
1270 2515 1321 2572 est
1342 2503 1415 2572 Tib.
1432 2501 1588 2570 Claudius
1602 2501 1700 2584 Nera,
1718 2503 1780 2594 'qui
1795 2515 1871 2596 pust
1884 2503 2064 2596 imperavit.

377 2575 444 2662 11
507 2589 573 2661 713
613 2587 706 2660 cors
728 2587 771 2658 Ic.
794 2589 962 2660 Antonius
983 2590 1179 2676 (Triumviri
1207 2590 1282 2676 ln),
1310 2590 1355 2660 Ρ.
1376 2590 1541 2660 Seruilius
1566 2586 1683 2659 Vatia
1703 2589 1850 2659 Isauris.
1864 2591 1941 2679 11.)
1986 2591 2066 2662 ⁰³⁹·

404 3803 448 3886 tu
491 3795 573 3880 '714
615 3814 643 3882 c

657 2677 1087 2849 t”a.tlttt'¹'..¹ttltt,
1106 2702 1126 2746 ⁰
1145 2699 1379 2850 litttt?
1391 2679 2066 2858 .t‘ttt.tt.l¹”;tttlttttttttt

681 2852 836 2947 opulique
864 2853 961 2922 Rom.
989 2853 1210 2926 defendentes.
1261 2852 1355 2939 Quae
1383 2875 1435 2922 res
1466 2853 1566 2944 paulo
1594 2855 1730 2944 postia
1761 2852 1882 2922 bellum
1910 2857 2064 2947 erumpit:

656 2878 696 3012 h.
718 2941 892 3024 Antonius,
915 2943 1078 3010 arcessitis
1100 2942 1216 3010 ceteris
1237 2941 1374 3010 ducibus
1395 2941 1599 3024 Antonianis,
1622 2939 1762 3008 Rumam
1783 2942 1871 3034 capit
1890 2941 2065 3036 Lepidam·

681 3051 724 3098 ue
750 3029 854 3120 ejicit:
887 3029 947 3098 aad
973 3052 993 3096 a
1016 3028 1157 3096 Caesare
1178 3026 1348 3097 Perusiam
1372 3027 1593 3120 compellitur,
1620 3027 1732 3118 ibique
1758 3029 1911 3100 obsessus
1932 3033 2065 3101 tandem

657 3053 813 3200 lincuntur
836 3140 864 3184 a.
886 3117 1013 3207 inseq.)
1041 3115 1150 3208 iuopia
1173 3117 1214 3182 ad
1242 3116 1442 3185 deditionem
1468 3115 1615 3206 adigitur.
1648 3115 1809 3200 (Bellum
1829 3117 2064 3206 Pentsinum.)

657 3205 786 3272 Interea
807 3203 892 3275 Sex..
907 3203 1057 3294 Pompeii
1082 3227 1162 3292 opes
1183 3213 1352 3293 augentur,
1373 3203 1427 3269 cni
1449 3223 1525 3269 cum
1546 3200 1649 3270 classe
1665 3201 1819 3273 Cassiana
1842 3203 1966 3277 Statius
1981 3207 2064 3277 Mur·
2158 3199 2165 3215 ⁹

658 3313 718 3358 cus
738 3313 776 3358 se
798 3289 953 3379 adjungit,
976 3291 1054 3358 dum
1077 3289 1244 3358 Domitius
1265 3288 1514 3370 Ahenobarbus,
1533 3289 1658 3358 nemini
1678 3313 1717 3360 se
1737 3293 1969 3378 submissurus,
1990 3319 2065 3365 cum

657 3377 721 3447 alia
743 3376 847 3446 classe
869 3376 998 3444 lonium
1019 3400 1108 3446 mare
1130 3377 1269 3446 obsidet.

763 3464 926 3537 Antonius
972 3487 1008 3532 er
1027 3465 1142 3534 Asiam
1164 3476 1198 3533 et
1218 3463 1347 3556 Syriam
1368 3463 1577 3558 proficiscens
1598 3491 1651 3537 res
1672 3465 1770 3538 iacile
1790 3470 1958 3563 componit
1978 3473 2064 3564 (qao

657 3561 807 3643 tempore
828 3551 886 3620 lta
949 3575 986 3621 cs
1007 3562 1042 3622 et
1057 3551 1205 3636 Phasa'e'l,
1227 3554 1367 3646 Antipae
1389 3553 1458 3638 filii,
1474 3553 1674 3625 ludaeorum
1694 3558 1873 3627 tetrarchae
1893 3559 2065 3628 instituun-

658 3645 741 3726 tur),
765 3639 983 3730 Cleopatram,
1006 3639 1318 3745 reginamflegypti,
1341 3641 1618 3725 Tarsumennum,
1640 3647 1732 3734 cujas
1747 3646 2064 3716 consuctudinetan·
2101 3663 2108 3668 “

645 3727 989 3884 «ἶὲῗὲῐῗῗὶζίΐῖἱὲ
1005 3733 1735 3904 ‘ttttttlftf‘¹tt.tt.‘¹⁰t.⁸tt.¹.¹¹‘¹tu
1763 3839 1838 3887 0...
1860 3820 2066 3892 queem

658 3913 799 3972 exeunte
813 3923 911 3985 anno,
930 3902 1056 3972 suffecti
1071 3903 1193 3974 suntL
1219 3903 1391 3974 Cornelius
1408 3905 1531 3972 Balbus
1553 3907 1667 3994 major,
1690 3905 1747 3996 qui
1769 3906 1893 3997 primus
1916 3920 2064 3979 artemo·

657 4013 731 4060 rum
747 3989 811 4058 hnc
831 3989 957 4060 bonore
978 4013 1067 4075 usus,
1088 4015 1151 4061 nec
1171 3991 1248 4060 ullis
1269 4003 1364 4062 antea
1387 3991 1625 4082 magistratibus
1646 3992 1777 4064 tunam
1799 4007 1859 4079 est,
1887 4008 1921 4066 et
1943 3995 1980 4064 P.
2003 3997 2063 4068 Ca·

656 4078 765 4148 nidius
787 4076 955 4164 Crassus.)
1000 4077 1130 4162 Caesar,
1155 4077 1312 4148 Perusino
1335 4079 1422 4148 bellu
1445 4080 1611 4160 coniecta,
1640 4092 1768 4150 ceteros
1797 4083 1896 4160 duces
1918 4095 1951 4154 at
1974 4110 2061 4156 excr-

656 4166 740 4237 citus
763 4164 965 4234 Antonianos
985 4168 1105 4259 partim
1126 4168 1161 4235 in
1182 4189 1275 4236 suam
1297 4177 1492 4262 potestatem
1514 4167 1640 4257 redigit,
1663 4170 1779 4260 partim
1804 4170 1895 4240 ltalia
1917 4173 2062 4282 expellit,

655 4264 694 4324 ut
715 4252 889 4324 Claudium
910 4252 1074 4324 Neronem
1099 4253 1310 4338 Praetorium,
1333 4257 1344 4322 i
1369 4275 1508 4345 samque
1528 4255 1697 4324 consulem
1718 4258 1887 4344 Asinium,
1916 4285 1980 4351 qm·
1995 4261 2062 4330 Ds-

654 4341 785 4412 mitium
805 4341 1057 4412 Ahenobarbum
1085 4342 1120 4408 ia
1149 4353 1257 4432 partes
1286 4279 1433 4410 arefacit.
1476 4341 1555 4410 Mox
1577 4342 1699 4412 Caesar
1726 4345 1865 4414 Galliam
1893 4357 1926 4416 et
1946 4349 2061 4442 Hispa·

652 4430 742 4498 aiam
763 4429 826 4501 sihi
848 4430 1005 4522 adjungit,
1026 4426 1253 4521 Lepidumque
1273 4452 1350 4498 cum
1371 4430 1393 4497 6
1416 4427 1499 4518 legg.
1521 4430 1555 4498 iu
1577 4431 1721 4499 disisam
1742 4433 1853 4502 mittit.
1879 4433 1964 4504 aaa
1984 4459 2062 4506 oum

653 4540 674 4584 a
695 4516 740 4585 ill.
761 4515 906 4587 Antonio
927 4516 990 4585 sibi
1011 4527 1192 4586 vereretur.
1222 4515 1299 4586 Sex.
1324 4515 1533 4609 Pampejum,
1568 4518 1739 4587 Scribonia
1760 4520 1795 4588 ia
1818 4521 2061 4592 matrimanium

652 4604 747 4674 ducta
771 4616 805 4672 et
826 4604 978 4687 Claudia,
1004 4603 1140 4674 Fuluiae
1168 4605 1252 4685 lilia,
1285 4603 1432 4690 dimissa,
1465 4605 1528 4674 sibi
1556 4607 1731 4676 conciliare
1755 4607 1873 4678 studet.
1916 4609 2060 4683 Frustra.

650 4691 736 4762 Nam
759 4690 874 4782 Pomp.
889 4692 1068 4762 Antonium
1090 4693 1240 4796 adjuvare
1263 4693 1396 4778 mauult,
1417 4692 1475 4786 qui
1496 4695 1563 4782 jam
1584 4693 1618 4761 in
1638 4693 1768 4763 ltaliam
1784 4695 2060 4786 trajectusBrun·

650 4779 772 4848 disium
803 4777 941 4847 obsidet.
994 4779 1061 4850 Sed
1089 4803 1278 4873 priusquam
1305 4789 1454 4876 apertam
1487 4779 1611 4852 bellum
1639 4783 1773 4868 existat,
1805 4783 1878 4878 ipsu
1906 4783 2060 4856 Caesaris

1608 5160 1627 5214 l
