4566 5476
369 1388 374 1413 ,
430 1248 816 1400 russonum
851 1291 1221 1410 suurousu·
1245 1287 1716 1392 consuamus

917 1589 1235 1608 m

226 1829 400 1962 Historia
423 1894 565 1983 antiqua,
589 1892 665 1962 inde
688 1915 707 1958 a
730 1891 836 1996 prima
860 1911 967 1960 rerum
990 1889 1505 1991 gestarumrmemoriauepetita,
1587 1905 1630 1952 uc
1645 1883 1685 1948 ad
1708 1879 1852 1948 deletum
1873 1898 1930 1944 uo-

227 2005 304 2137 pprpr
317 1979 534 2137 pprbperatoris
563 1991 596 2048 et
618 1981 750 2071 imperit
773 1978 914 2047 Romani
935 1975 1185 2069 (occidentalis)
1214 1975 1415 2056 extenditur,
1443 1999 1465 2040 r.
1489 1995 1517 2040 e.
1541 1995 1559 2038 a
1606 1991 1726 2038 anuum
1754 1977 1831 2058 post
1852 1963 1929 2034 cur.

299 2268 303 2276 ,
378 2198 473 2266 initia
496 2219 671 2288 regnorum
694 2208 729 2266 et
750 2198 916 2266 civitatum
939 2196 1008 2267 iere
1031 2195 1179 2264 omnium
1202 2194 1338 2262 obscura
1355 2203 1442 2274 sunt,
1465 2191 1523 2260 scd
1546 2213 1587 2258 ex
1609 2211 1675 2280 quo
1691 2187 1807 2255 certior
1828 2185 1927 2290 histo·

229 2286 296 2354 riae
320 2285 375 2354 iux
398 2287 477 2367 orta,
501 2297 629 2378 praeter
650 2286 800 2360 nationes
822 2285 919 2353 ruder
942 2295 1040 2376 atque
1061 2283 1217 2362 incultas,
1246 2282 1318 2350 triu
1341 2280 1482 2350 maxime
1506 2277 1651 2370 gentium
1675 2297 1793 2364 genera
1816 2285 1849 2342 et
1870 2294 1928 2340 rm·
1994 2308 1997 2316 ι

225 2373 329 2461 peria
351 2373 604 2464 distinguuntur,
628 2372 810 2455 Persarum,
835 2373 1044 2456 Graecorum,
1067 2371 1300 2439 Romanorum.

247 2577 266 2598 fl
330 2556 333 2564 .
378 2504 564 2574 Personam
587 2506 761 2595 imperium
777 2503 891 2572 Asiam
913 2505 955 2590 (i.
973 2527 1001 2574 e.
1020 2503 1267 2587 occidentalem,
1282 2523 1375 2658 capuae
1390 2499 1461 2568 sola
1477 2500 1511 2566 in
1527 2497 1616 2566 huuc
1629 2515 1801 2566 recensum
1816 2492 1930 2575 venit)

231 2601 266 2658 et
286 2588 483 2743 Aepyptum,
506 2589 763 2697 populos-apta
786 2594 838 2660 sui
860 2592 955 2674 iuris,
979 2589 1235 2684 comprehendit.
1312 2609 1489 2686 rhaeorum
1510 2585 1702 2692 imperium,
1772 2582 1813 2686 od
1836 2602 1928 2682 voca·

230 2689 293 2757 tur,
314 2677 337 2743 Ιι
363 2703 433 2746 eras
455 2679 611 2748 Graeciae
633 2691 779 2749 crvrtates
802 2691 837 2746 et
857 2703 993 2769 regnum
1014 2680 1243 2759 Macedonum,
1265 2689 1341 2768 post
1362 2675 1480 2746 Persas
1501 2674 1645 2744 demotos
1669 2693 1704 2738 m
1775 2693 1804 2736 ra
1827 2668 1929 2736 doma·

181 2767 185 2772 '
233 2765 391 2844 nantium,
414 2767 471 2831 sed
491 2768 592 2867 paulo
614 2764 690 2856 poet
711 2767 746 2832 in
768 2767 873 2848 ranas
894 2779 1003 2856 partes
1019 2767 1227 2856 discerptum,
1250 2765 1405 2832 continet.
1449 2761 1683 2830 Romanomm
1704 2757 1846 2845 denique
1870 2754 1929 2821 im·

209 2848 358 2931 :perium
381 2852 536 2936 paulatum
558 2873 656 2936 super
677 2851 782 2936 ipsam
804 2852 975 2912 Graeciam
999 2862 1032 2912 et
1052 2851 1278 2934 Macedoniam
1301 2850 1518 2932 et'majorem
1545 2857 1671 2936 partem
1701 2865 1812 2909 earum
1834 2852 1931 2908 terra·

233 2951 315 3008 rum,
337 2953 422 3020 quae
444 2931 523 2997 oiirn
546 2931 665 3010 Persis,
688 2939 764 3020 post
784 2927 1029 3012 Macedonibus,
1051 2931 1218 3020 subjectae
1241 2942 1341 3010 eraut,
1366 2930 1614 2999 extendebatur:
1640 2929 1855 3020 quibuscum
1878 2925 1932 2994 ad·
1987 2967 1989 2972 ,

231 3019 314 3103 jecta
337 3029 425 3084 essct
445 3017 551 3084 Africa
575 3027 609 3084 ct
630 3017 780 3108 Europae
802 3039 877 3108 pars
900 3017 1127 3102 occidentalis,
1154 3029 1243 3086 totus
1266 3017 1354 3086 orbis
1381 3021 1555 3100 terrarum,
1578 3017 1634 3108 qui
1657 3016 1789 3096 dicitur,
1813 3013 1931 3104 Roma·

232 3126 282 3171 urs
303 3104 445 3196 parebat.

382 3233 488 3302 Prima
510 3235 610 3323 igitur
630 3257 705 3326 pars
727 3219 881 3308 historiae
905 3235 971 3302 anti
1018 3259 1056 3304 ae
1078 3236 1261 3306 continetur
1284 3237 1425 3328 imperio
1448 3234 1630 3316 Persdrum,
1653 3237 1709 3314 ita,
1731 3246 1769 3302 ut
1789 3233 1931 3327 primun
1968 3217 1972 3232 “

181 3369 187 3379 ,
221 3321 365 3388 historia
388 3324 534 3414 gentium
557 3321 605 3389 itti
630 3323 860 3408 subjectarum,
882 3345 966 3412 quoa
1012 3323 1164 3414 suijuris
1188 3334 1289 3406 erant,
1312 3334 1488 3404 enarretur,
1511 3334 1581 3390 turn
1597 3325 1696 3391 totius
1719 3323 1847 3413 imperii
1863 3323 1929 3390 fata

232 3423 446 3500 exponantur·
494 3409 652 3478 Parebaut
673 3421 782 3478 autem
806 3409 873 3499 regi
898 3411 1067 3478 Persarum
1090 3422 1203 3500 gentes
1231 3414 1389 3502 (quarum
1418 3412 1549 3501 quidem
1578 3434 1631 3479 res
1658 3423 1768 3500 gestae
1791 3408 1930 3499 singula
2054 3417 2058 3426 “

231 3497 310 3565 riter
332 3500 509 3572 memoriae
531 3497 623 3589 prodi
647 3498 773 3589 possint
795 3521 834 3565 ao
854 3497 1013 3582 debcant)
1036 3499 1113 3566 bae:
1141 3498 1321 3588 Aegyptii,
1345 3497 1548 3574 Phoenices,
1570 3497 1716 3574 hidrei,
1739 3496 1832 3584 Isydi
1854 3521 1930 3564 cum

231 3586 348 3652 ceteris
370 3587 521 3676 gentibus
538 3587 635 3652 Asiae
659 3585 802 3666 minoris,
825 3584 971 3674 Assyrii,
992 3585 1194 3676 Babylonii,
1220 3587 1324 3664 Medi,
1346 3587 1408 3676 ipsi
1427 3587 1565 3653 Persae.
1614 3585 1728 3675 Neque
1751 3609 1827 3653 vero
1844 3586 1930 3678 quis-

230 3677 341 3762 lquam
363 3683 467 3765 putet,
487 3679 607 3763 justam
630 3673 792 3764 quandam
814 3671 980 3762 historiam
1001 3673 1116 3740 barum
1132 3674 1277 3760 gentium
1302 3686 1335 3741 et
1349 3673 1475 3765 imperii
1492 3673 1592 3741 Persi
1605 3676 1626 3756 i,
1649 3675 1708 3741 snb
1731 3696 1797 3764 quo
1818 3684 1931 3764 postea

247 3763 395 3836 aruerint
419 3760 558 3844 describi
573 3783 680 3852 posse,
703 3783 778 3828 oum
793 3771 921 3852 praeter
934 3760 1132 3829 iudaeorum
1150 3762 1248 3828 iibros
1263 3765 1370 3829 sacros
1392 3773 1569 3830 ceterarum
1587 3765 1732 3850 gentium
1750 3761 1930 3863 fragmenta

143 3899 156 3922 ,
192 3881 200 3890 -
236 3847 362 3914 tantum
386 3845 553 3942 histpriae,
578 3847 743 3916 aGraecis
758 3848 951 3938 Latinisque
973 3849 1182 3940 scriptoribus
1195 3860 1331 3928 servata,
1355 3848 1541 3927 habeamus,
1567 3873 1606 3916 cx
1625 3851 1742 3939 quibus
1759 3871 1814 3936 qur
1831 3847 1929 3913 histo·
1988 3914 2002 3925 ..

154 3961 158 3972 =
238 3931 318 3998 riam
340 3957 536 4028 componere
559 3936 720 4018 studeant,
743 3933 817 4028 plus
840 3958 900 4002 suo
923 3936 1065 4026 ingenio,
1088 3959 1185 4027 quarn
1208 3960 1315 4004 rerum
1337 3935 1413 4004 fidei
1436 3936 1579 4004 tribuant
1608 3959 1741 4004 necesse
1765 3945 1822 4000 est.
1869 3933 1928 4000 lta·

238 4037 302 4107 quc
324 4044 382 4110 pro
404 4035 513 4091 nostra
536 4025 672 4102 ratione,
695 4047 771 4090 cum
794 4019 915 4090 certam
938 4047 1045 4092 rerum
1068 4036 1229 4114 gestarum
1253 4025 1443 4096 memoriam
1474 4025 1663 4113 consignare
1691 4021 1785 4088 nobis
1813 4044 1928 4126 propo·

237 4105 408 4187 snerimus,
430 4109 567 4179 laceram
591 4134 629 4178 ac
652 4112 819 4202 disjectam
841 4109 925 4177 hanc
946 4111 1101 4180 historiae
1124 4113 1275 4202 antiquae
1298 4123 1423 4202 partem
1444 4112 1546 4180 videri
1576 4121 1709 4178 necesse
1740 4119 1804 4186 est,
1835 4130 1928 4198 culus

235 4193 284 4261 rei
307 4191 402 4285 culpa
422 4217 488 4263 nou
512 4209 562 4267 est
583 4198 617 4266 in
640 4201 744 4280 nobis,
768 4197 882 4266 sedin
906 4199 976 4290 ipsa
999 4199 1145 4292 gentium
1168 4197 1333 4268 memoria.

891 4535 1284 4578 *uo——
