4554 5476
1111 145 1114 160 .

1787 405 1790 419 r
1839 383 1870 447 Νη,
1895 427 1905 456 Γ

213 423 303 486 ..cur
350 440 405 481 uc

161 569 163 574 .
246 468 311 582 82⁸
346 503 415 580 '672
455 497 546 574 ctu.
576 496 614 567 C.
639 490 782 568 Marius
795 492 939 586 (septies
968 489 1121 562 Consulis
1149 491 1321 586 tjuv'enia
1348 494 1393 564 06
1415 475 1618 582 ainamma
1649 423 1906 652 CndPapiriur¹
1970 501 1972 506 ’

280 641 284 651 .
498 583 703 656 CurboIII.
748 581 801 650 Pr.
829 581 1029 652 iterumue·
1047 579 1169 652 Marius
1199 582 1438 669 Gratidianus.)
1481 583 1520 650 Ο.
1548 583 1715 652 Marius'a
1742 586 1791 659 Su

264 689 292 747 ‚21
355 708 419 730 ···›
456 704 459 717 ·
490 673 644 764 ¹Signiam
670 671 809 740 uincitur
836 680 870 738 et
891 671 1072 738 Praeneste
1099 671 1224 738 urbem
1240 670 1493 738 munitissimam
1520 671 1734 776 compellitur.
1779 669 1904 752 Romae

495 761 616 830 Brutus
628 758 771 840 Praetor,
795 757 887 826 Marii
904 757 1058 826 Consulis
1079 759 1191 846 jussu,¹
1204 755 1347 850 reliquos
1358 758 1532 850 principes,
1555 783 1611 854 qur
1634 783 1707 826 cum
1724 756 1816 828 Sulla
1832 785 1904 830 sen·

438 907 441 918 .
495 849 558 918 u‘re
578 847 786 928 ridebantur,
814 846 1032 924 interfecerat,
1062 845 1097 912 P.
1120 845 1313 926 Antistium,
1340 845 1379 911 1..
1402 843 1614 938 Domitium,¹
1636 849 1676 933 Q.
1700 847 1903 926 Scaevolam.

495 935 605 1019 Sulla,
633 933 813 1004 obsidionis
836 931 951 1002 Praeu.
978 957 1055 1001 cura
1076 931 1229 1002 Lucretio
1252 933 1379 1002 Ofellae
1402 933 1611 1016 demandata,
1641 935 1780 1004 ltomam
1803 938 1903 1020 veuit,

496 1035 531 1093 et
551 1046 603 1092 res
625 1046 684 1115 pro
707 1032 855 1114 tempore
876 1021 1051 1112 componit.
1098 1020 1205 1089 Carbo
1228 1043 1303 1087 cum
1325 1019 1460 1088 Metello
1481 1043 1520 1087 ac
1537 1021 1703 1114 Pompeio
1725 1024 1759 1090 in
1785 1023 1902 1112 Gallia,

440 1151 442 1159 ·
496 1133 571 1180 cum
594 1107 745 1180 Serviliis
763 1109 798 1176 in
819 1107 945 1176 Etruria
968 1118 1108 1213 pugnat:
1147 1106 1279 1195 tandem
1299 1107 1414 1191 uictus,
1436 1105 1555 1176 frustra
1570 1109 1668 1176 omni
1692 1105 1812 1180 tentata
1839 1111 1922 1180 ior·—

494 1211 585 1282 tuna,
608 1197 734 1266 ltaliam
749 1196 914 1287 relinquit,
937 1195 1079 1264 Alricam
1095 1205 1221 1288 petens,
1244 1194 1395 1265 sedeam
1415 1195 1525 1285 cinga
1540 1205 1714 1264 retractum
1732 1196 1792 1265 Cn.
1809 1199 1903 1266 Pom·
1982 1225 1984 1230 ·

494 1287 588 1380 pejus
611 1285 646 1352 iu
663 1283 775 1352 Sicilia
798 1283 980 1352 necandum
1003 1294 1103 1351 curat.
1148 1283 1284 1351 Pontius
1297 1281 1617 1366 Telesinus,.eoacrn
1640 1284 1750 1373 40000
1764 1285 1903 1356 Samnit.

363 1395 368 1404 ·
496 1373 650 1453 exercitu,
674 1395 750 1441 cum
764 1372 903 1440 Marium
917 1369 1054 1439 liberare
1076 1385 1142 1438 uon
1165 1369 1334 1464 potuisset,
1356 1371 1418 1437 ¹sual)
1441 1371 1543 1460 ipsius
1565 1369 1654 1439 u'rbis
1672 1367 1795 1442 Romae
1816 1396 1904 1442 moe·

492 1462 590 1530 nibus
619 1483 694 1530 cum
721 1460 820 1542 Sulla·
845 1460 1011 1578 depugnat
1037 1458 1106 1525 Cal.
1134 1457 1311 1553 Novembr.
1344 1479 1383 1525 ac
1414 1457 1554 1525 vincitur
1579 1457 1622 1526 Μ.
1650 1457 1759 1533 Crassi
1792 1484 1904 1554 opera-

493 1550 669 1618 Praeueste
691 1549 832 1616 dedituri
861 1549 900 1614 1..
922 1545 1046 1614 Marius
1064 1555 1171 1614 semet
1198 1546 1270 1637 ipsa
1291 1543 1464 1612 interimita
1500 1543 1588 1614 cives
1610 1544 1812 1624 Praenestini
1835 1572 1905 1634 eqe-

393 1631 397 1642 ’
454 1668 458 1684 ·
495 1638 624 1716 duntur,
650 1635 717 1726 agri
739 1635 954 1726 publicantur.
1573 1681 1577 1690 .
1861 1670 1865 1682 ·

393 1745 396 1751 ·
489 1722 492 1728 ’
541 1779 543 1796 ,
600 1722 675 1790 Jam
697 1745 774 1790 vero
796 1722 899 1788 Suum
919 1723 1020 1790 uictor
1048 1719 1303 1792 adversariorum
1333 1718 1367 1787 in
1395 1743 1463 1812 rep.
1491 1721 1639 1788 omnium
1666 1744 1726 1814 per
1748 1717 1904 1794 Iu‘Vale.

493 1809 579 1878 riom
606 1809 758 1878 Flaccum
787 1810 984 1898 interregem
1012 1809 1109 1877 Dice.
1134 1821 1317 1898 perpetuus
1348 1820 1504 1890 creatur,
1541 1831 1601 1900 per
1628 1809 1767 1878 eundem
1796 1808 1905 1902 legem

1818 573 2044 668 aad

494 1900 537 1966 de
549 1897 807 1987 proscribendis
828 1897 931 1964 mulis
953 1896 1081 1964 ciuibus
1103 1895 1269 1964 ferendam
1298 1905 1403 1962 curata
1437 1917 1495 1963 cos
1522 1896 1625 1964 ferme
1654 1897 1902 1971 attenuarem
2021 1899 2023 1902 ’

468 1983 594 2052 'luisse
616 1985 761 2066 tradunt,
789 1981 927 2075 quorum
950 1984 1035 2050 botua
1058 1983 1273 2075 publicantur,
1295 1981 1390 2050 liberi
1412 1984 1485 2071 jure
1505 1981 1719 2074 petendoruim
1741 1981 1905 2070 honorum

494 2072 719 2141 excluduntur.
755 2071 896 2138 Comitia
915 2071 1096 2146 consularia
1110 2071 1312 2160 aliorumque
1326 2071 1573 2156 magistratuum
1591 2094 1652 2140 suo
1667 2062 1901 2140 arbitrioffiulla

195 2205 197 2212 ·
366 2205 370 2214 ·
491 2157 602 2231 babet.
620 2159 670 2226 ira
688 2169 728 2228 ut
749 2159 889 2226 Ofellam
912 2183 983 2226 arro
1006 2161 1111 2224 antius
1134 2158 1339 2224 consulatum
1386 2167 1528 2226 stentem
1545 2157 1686 2225 interfici
1701 2157 1842 2260 jusserit.

234 2225 278 2293 81
339 2233 406 2300 673
448 2239 542 2338 Coss.
567 2238 614 2302 Μ.
644 2239 774 2306 matus
794 2241 948 2340 Paculo,
979 2183 1040 2336 ilc.
1063 2243 1240 2312 Cornelium
1260 2181 1488 2330 Dotaietla.)
1533 2244 1633 2314 Sulla
1654 2242 1822 2314 Dictator
1843 2246 1903 2314 rui·

491 2324 586 2390 lutum
610 2347 745 2392 suorum
771 2321 802 2392 le
825 2347 918 2394 uones
946 2326 988 2394 47
1016 2327 1050 2392 in
1080 2349 1174 2417 agros
1203 2329 1457 2395 adversariomm
1491 2330 1637 2411 deducit,
1672 2331 1901 2429 Etruriamque
1933 2356 1937 2364 ·

342 2408 394 2536 cifis
487 2433 593 2502 paene
614 2421 721 2563 totunpl
738 2348 870 2482 sedibus
892 2413 961 2480 suis
984 2414 1108 2481 evertit.
1154 2413 1245 2482 Idem
1268 2415 1360 2505 leges
1383 2416 1561 2483 Cornelius
1583 2417 1703 2486 multas
1726 2419 1798 2504 fert,
1823 2444 1900 2525 qua-

487 2521 718 2652 iiibnmiiailiilbs
741 2523 825 2684 iures
860 2585 900 2650 de
923 2585 1126 2666 sacerdotiis,
1162 2596 1200 2651 ut
1225 2586 1408 2654 sacerdotes
1432 2600 1465 2655 et
1487 2589 1737 2683 Poutslllama
1761 2595 1900 2682 collegio

331 2634 412 2758 022⁸,
486 2678 727 2757 cooptarentur,
745 2669 948 2758 judiciaria,
971 2695 1034 2760 qua
1056 2672 1184 2738 senatui
1207 2673 1428 2740 restituuntur
1441 2676 1578 2764 judicia,
1607 2679 1808 2764 tribunicia,
1836 2705 1900 2773 qua
1928 2723 1930 2728 .

491 2751 711 2820 Tribunormn
733 2755 776 2844 pl.
799 2767 943 2846 potestas
965 2759 1008 2823 ita
1031 2758 1245 2837 imminuitur,
1267 2771 1306 2826 ut
1320 2760 1429 2826 auxilii
1447 2761 1526 2828 latio
1549 2763 1590 2829 iis
1611 2761 1822 2854 relinquatur,
1848 2775 1901 2857 jus

490 2839 601 2926 legum
623 2841 828 2907 ferendarum
843 2845 1070 2932 majorumque
1091 2844 1339 2931 magistratuum
1355 2846 1573 2935 petendorum
1590 2849 1759 2919 adimatur.
1780 2853 1903 3008 rputata·

490 2927 637 2992 stionum
659 2937 885 3017 perpetuarum
909 2947 1063 2996 numerus
1086 2941 1229 3020 augetur,
1252 2943 1329 2997 aeto
1350 2934 1481 3000 creatis
1501 2931 1736 3006 Praetoribus.
1812 2965 1901 3009 ume-

489 3035 544 3079 rus
560 3011 776 3097 Quaesturam
790 3015 906 3082 additis
927 3017 1022 3084 novis
1036 3017 1100 3108 Xll
1121 3027 1277 3105 augemus
1290 3028 1330 3086 ut
1348 3018 1414 3087 sint
1434 3019 1566 3112 uiginti.
1611 3022 1752 3096 Senatus
1775 3026 1901 3100 allectis

489 3122 533 3166 ex
554 3101 697 3189 equestri
721 3101 834 3170 ordine
856 3103 923 3170 lere
947 3105 1012 3172 300
1034 3103 1213 3194 suppletur·
1666 3187 1672 3192 ,
1723 3149 1728 3162 ·

593 3186 686 3256 Sulla
709 3187 999 3279 eodemqueanno
1022 3191 1232 3270 L.lllurena‚
1260 3203 1433 3284 postquam
1462 3195 1662 3287 prouinciam
1687 3198 1732 3268 Μ.
1756 3189 1901 3272 Minucio

488 3273 630 3349 tradidit,
654 3276 694 3342 de
722 3299 798 3366 rege
820 3277 1007 3346 Mithridate
1029 3278 1240 3370 triumphant.
1283 3280 1327 3348 Μ.
1351 3280 1466 3350 Cicero
1488 3283 1529 3349 ad
1552 3305 1665 3354 causas
1687 3288 1827 3378 agendus
1844 3315 1900 3364 ae·

487 3361 583 3444 cedit,
594 3361 749 3517 (dicique
769 3388 828 3455 pro
851 3364 1016 3450 Quinctio.
1118 3401 1124 3408 ·

623 3471 655 3516 n.

765 2500 925 2581 ublicum,
959 2524 1034 2589 pars
1062 2501 1102 2566 ad
1130 2501 1293 2590 privatum
1315 2505 1366 2588 jus
1393 2505 1544 2592 pertinet
1584 2503 1733 2574 Priorum
1756 2530 1900 2577 ruaxume
2011 2531 2042 2580 ’,

706 3457 854 3553 ompejus
882 3453 917 3518 iu
939 3454 1046 3521 Alrica
1097 3465 1182 3522 artes
1204 3453 1366 3523 Marianas
1396 3467 1601 3528 consectatus
1632 3459 1692 3528 Cu.
1714 3461 1901 3538 Domitium
2006 3487 2021 3506 ²

487 3531 740 3604 Ahenobarbum
761 3541 1027 3622 uretumoccidit,
1081 3542 1246 3616 umidiam,
1269 3541 1876 3644 uicto·Hiarba,·lliempsalirestituit
2016 3580 2017 3583 ’
2069 3518 2074 3530 =

507 3707 515 3726 ⁹
592 3621 630 3688 In
645 3623 746 3777 lqlisp.
768 3623 805 3690 Ο.
826 3627 952 3722 Annius
974 3627 1100 3696 Luscus
1122 3630 1319 3724 proscriptos
1343 3641 1377 3699 et
1399 3632 1431 3697 iu
1454 3630 1494 3700 iis
1517 3631 1557 3724 Q.
1572 3631 1754 3708 Sertorium
1771 3643 1898 3732 prouiu-
2024 3648 2029 3660 “

273 3763 279 3774 ’
310 3801 399 3870 su
442 3722 807 3900 edidicisse.
822 3797 998 3904 sarran,
1029 3801 1070 3890 a.
1094 3751 1265 3899 caecum
1292 3803 1424 3874 nucu.
1453 3770 1575 3896 uras.)
1620 3810 1703 3880 una
1732 3773 1897 3904 patarea.

452 3927 455 3934 ·
484 3885 625 3968 urbium,
648 3909 732 3976 quae
754 3909 772 3952 a
795 3887 997 3972 Samnitibus
1019 3891 1222 3972 tenebantur,
1236 3891 1383 3960 deditur.
1429 3893 1472 3962 23
1495 3895 1643 3968 solertiae
1666 3900 1821 3974 militares
1844 3927 1896 3973 ve·

340 3975 399 4101 cib
484 3972 903 4130 teqqqopqffilgqllanorm
924 3977 1134 4048 deducuntur.
1155 4117 1158 4122 Δ
1180 3977 1218 4046 ln
1239 3977 1333 4072 Hisp.
1359 3980 1400 4076 Q.
1421 3981 1633 4116 Superiora
1656 3985 1820 4058 Lusitanis
1844 3992 1896 4060 ad.

485 4083 520 4206 li
586 4147 653 4249 ‘Cn
672 4147 758 4223 Pom
784 4153 854 4240 ejus
875 4150 1023 4241 Magnus,
1049 4176 1154 4244 eques.
1170 4153 1283 4236 Rom„
1308 4155 1486 4250 triumphat
1500 4115 1680 4248 ‘eir'Airica
1702 4159 1742 4230 de
1764 4160 1894 4234 Hiarba.

488 4227 532 4298 Μ
557 4231 671 4302 Crcero
693 4239 734 4323 Q.
752 4173 907 4308 lisseium
920 4240 1121 4326 ‚Amerinum
1144 4242 1305 4334 parricidii
1328 4269 1420 4312 reum
1443 4244 1613 4311 delenditi
2019 4311 2022 4322 ‚

234 4322 278 4390 79
338 4317 404 4388 675
446 4315 539 4422 Coss.
562 4319 606 4388 P.
635 4321 798 4393 Seruilius
831 4325 947 4424 Vatia
977 4327 1156 4414 (Iseon),
1194 4331 1278 4421 App.
1311 4331 1431 4398 Claud.
1459 4329 1650 4416 Pulcher)
1693 4333 1893 4424 Volaterrae,

486 4407 833 4561 qme.urbsEtmriae
854 4415 959 4483 adbuc
979 4415 1014 4483 in
1032 4417 1135 4484 ‘armis
1157 4419 1235 4500 erit,
1257 4421 1415 4504 'occupata
1431 4417 1451 4480 'a
1468 4417 1665 4510 proscriptis,
1688 4423 1820 4490 taudem
1842 4425 1895 4495 de

466 4583 470 4592 ι
512 4505 616 4563 untur.
663 4494 701 4562 1..
724 4497 815 4567 Sulla
836 4503 947 4585 Felix,
964 4497 1148 4572 'constituta
1170 4505 1353 4597 republica,
1384 4501 1544 4572 dictatura
1565 4505 1761 4576 ssabdicat.
1804 4510 1843 4580 1..
1862 4527 1896 4586 et

487 4579 532 4653 Μ.
555 4582 685 4650 Luculli
708 4584 903 4656 aedilitatem
926 4592 1071 4660 curulem
1116 4605 1218 4660 amnt.
1857 4599 1862 4606 ’

307 4657 310 4664 ’
337 4670 403 4741 676
444 4669 539 4740 (loss.
559 4671 610 4774 Μ
632 4671 798 4743 Aemilius
817 4673 983 4765 Lepidus,
1017 4679 1058 4768 Q.
1149 4680 1242 4748 otius
1263 4673 1442 4762 Catulus.)
1459 4675 1578 4834 1puella
1598 4677 1745 4750 Puteolis
1768 4697 1897 4759 mortuo
