<?xml version="1.0" encoding="UTF-8"?>
<!DOCTYPE html PUBLIC "-//W3C//DTD XHTML 1.0 Transitional//EN"
    "http://www.w3.org/TR/xhtml1/DTD/xhtml1-transitional.dtd">
<html xmlns="http://www.w3.org/1999/xhtml" xml:lang="en" lang="en">
 <head>
  <title>
</title>
<meta http-equiv="Content-Type" content="text/html;charset=utf-8" />
  <meta name='ocr-system' content='tesseract 3.04.00' />
  <meta name='ocr-capabilities' content='ocr_page ocr_carea ocr_par ocr_line ocrx_word'/>
</head>
<body>
  <div class='ocr_page' id='page_1' title='image "annalesveterumr02zumpgoog_0077.png"; bbox 0 0 4566 5476; ppageno 0'>
   <div class='ocr_carea' id='block_1_1' title="bbox 928 221 1553 370">
    <p class='ocr_par' dir='ltr' id='par_1_1' title="bbox 928 221 1553 370">
     <span class='ocr_line' id='line_1_1' title="bbox 928 221 1553 370; baseline -0.014 1"><span class='ocrx_word' id='word_1_1' title='bbox 928 221 1553 370; x_wconf 66' lang='lat' dir='ltr'>&#39;-·5o...ss.·‘</span> 
     </span>
    </p>
   </div>
   <div class='ocr_carea' id='block_1_2' title="bbox 213 439 2083 4822">
    <p class='ocr_par' dir='ltr' id='par_1_2' title="bbox 213 439 2083 4822">
     <span class='ocr_line' id='line_1_2' title="bbox 664 439 2061 506; baseline 0.005 -8"><span class='ocrx_word' id='word_1_2' title='bbox 664 485 667 498; x_wconf 83' lang='grc'><strong>,</strong></span> <span class='ocrx_word' id='word_1_3' title='bbox 1865 439 1964 502; x_wconf 70' lang='lat' dir='ltr'>ber.</span> <span class='ocrx_word' id='word_1_4' title='bbox 2036 467 2061 506; x_wconf 87' lang='lat' dir='ltr'>c.</span> 
     </span>
     <span class='ocr_line' id='line_1_3' title="bbox 358 463 2025 612; baseline 0.005 -26"><span class='ocrx_word' id='word_1_5' title='bbox 358 515 492 610; x_wconf 68' lang='lat' dir='ltr'>Raptis</span> <span class='ocrx_word' id='word_1_6' title='bbox 513 515 634 609; x_wconf 75' lang='lat' dir='ltr'>puellis</span> <span class='ocrx_word' id='word_1_7' title='bbox 654 513 738 585; x_wconf 79' lang='lat' dir='ltr'>belle</span> <span class='ocrx_word' id='word_1_8' title='bbox 761 526 873 586; x_wconf 87' lang='lat' dir='ltr'>contra</span> <span class='ocrx_word' id='word_1_9' title='bbox 897 514 1065 586; x_wconf 85' lang='lat' dir='ltr'>Romanos</span> <span class='ocrx_word' id='word_1_10' title='bbox 1088 542 1107 586; x_wconf 80' lang='lat' dir='ltr'>a</span> <span class='ocrx_word' id='word_1_11' title='bbox 1128 517 1417 612; x_wconf 83' lang='lat' dir='ltr'>vicinis-gentibus</span> <span class='ocrx_word' id='word_1_12' title='bbox 1439 531 1626 601; x_wconf 87' lang='lat' dir='ltr'>moventur,</span> <span class='ocrx_word' id='word_1_13' title='bbox 1662 523 1721 592; x_wconf 89' lang='lat' dir='ltr'>sed</span> <span class='ocrx_word' id='word_1_14' title='bbox 1744 525 1825 594; x_wconf 83' lang='lat' dir='ltr'>Cae·</span> <span class='ocrx_word' id='word_1_15' title='bbox 1997 463 2025 508; x_wconf 48' lang='grc' dir='ltr'>ι</span> 
     </span>
     <span class='ocr_line' id='line_1_4' title="bbox 421 603 1944 705; baseline 0.007 -33"><span class='ocrx_word' id='word_1_16' title='bbox 421 605 626 688; x_wconf 88' lang='lat' dir='ltr'>niuensibus,</span> <span class='ocrx_word' id='word_1_17' title='bbox 655 604 874 674; x_wconf 79' lang='lat' dir='ltr'>Crustuminis</span> <span class='ocrx_word' id='word_1_18' title='bbox 898 615 932 674; x_wconf 89' lang='lat' dir='ltr'>et</span> <span class='ocrx_word' id='word_1_19' title='bbox 955 603 1204 676; x_wconf 77' lang='lat' dir='ltr'>Antemnatibus</span> <span class='ocrx_word' id='word_1_20' title='bbox 1227 608 1339 693; x_wconf 88' lang='lat' dir='ltr'>victis,</span> <span class='ocrx_word' id='word_1_21' title='bbox 1372 607 1495 676; x_wconf 71' lang='lat' dir='ltr'>Satist</span> <span class='ocrx_word' id='word_1_22' title='bbox 1524 633 1654 702; x_wconf 87' lang='lat' dir='ltr'>quoque</span> <span class='ocrx_word' id='word_1_23' title='bbox 1677 635 1736 705; x_wconf 91' lang='lat' dir='ltr'>per</span> <span class='ocrx_word' id='word_1_24' title='bbox 1758 638 1823 681; x_wconf 83' lang='lat' dir='ltr'>ure·</span> <span class='ocrx_word' id='word_1_25' title='bbox 1874 637 1878 644; x_wconf 87' lang='lat'><em>·</em></span> <span class='ocrx_word' id='word_1_26' title='bbox 1937 655 1944 670; x_wconf 78' lang='lat'>‚</span> 
     </span>
     <span class='ocr_line' id='line_1_5' title="bbox 422 693 1093 762; baseline 0.004 -4"><span class='ocrx_word' id='word_1_27' title='bbox 422 704 530 760; x_wconf 89' lang='lat' dir='ltr'>trouas</span> <span class='ocrx_word' id='word_1_28' title='bbox 556 717 631 760; x_wconf 88' lang='lat' dir='ltr'>cum</span> <span class='ocrx_word' id='word_1_29' title='bbox 653 693 809 760; x_wconf 84' lang='lat' dir='ltr'>Romanis</span> <span class='ocrx_word' id='word_1_30' title='bbox 832 693 1093 762; x_wconf 78' lang='lat' dir='ltr'>reconciliantur.</span> 
     </span>
     <span class='ocr_line' id='line_1_6' title="bbox 376 779 1822 875; baseline 0.002 -24"><span class='ocrx_word' id='word_1_31' title='bbox 376 779 457 874; x_wconf 83' lang='lat' dir='ltr'>Ejus</span> <span class='ocrx_word' id='word_1_32' title='bbox 480 780 586 872; x_wconf 87' lang='lat' dir='ltr'>gentis</span> <span class='ocrx_word' id='word_1_33' title='bbox 614 802 688 872; x_wconf 87' lang='lat' dir='ltr'>pars</span> <span class='ocrx_word' id='word_1_34' title='bbox 711 805 785 850; x_wconf 93' lang='lat' dir='ltr'>cum</span> <span class='ocrx_word' id='word_1_35' title='bbox 815 805 889 871; x_wconf 84' lang='lat' dir='ltr'>rege</span> <span class='ocrx_word' id='word_1_36' title='bbox 911 781 1009 850; x_wconf 74' lang='lat' dir='ltr'>Tatio</span> <span class='ocrx_word' id='word_1_37' title='bbox 1031 782 1176 850; x_wconf 79' lang='lat' dir='ltr'>Rumam</span> <span class='ocrx_word' id='word_1_38' title='bbox 1199 784 1406 875; x_wconf 74' lang='lat' dir='ltr'><strong>commigrat,</strong></span> <span class='ocrx_word' id='word_1_39' title='bbox 1435 783 1598 874; x_wconf 83' lang='lat' dir='ltr'>sedesque</span> <span class='ocrx_word' id='word_1_40' title='bbox 1628 785 1660 852; x_wconf 90' lang='lat' dir='ltr'>in</span> <span class='ocrx_word' id='word_1_41' title='bbox 1685 785 1822 873; x_wconf 81' lang='lat' dir='ltr'>Cupito-</span> 
     </span>
     <span class='ocr_line' id='line_1_7' title="bbox 420 867 1824 968; baseline 0.004 -32"><span class='ocrx_word' id='word_1_42' title='bbox 420 868 490 936; x_wconf 85' lang='lat' dir='ltr'>Ir&#39;uo</span> <span class='ocrx_word' id='word_1_43' title='bbox 519 879 552 936; x_wconf 89' lang='lat' dir='ltr'>et</span> <span class='ocrx_word' id='word_1_44' title='bbox 577 867 751 956; x_wconf 76' lang='lat' dir='ltr'><em>Quirinali</em></span> <span class='ocrx_word' id='word_1_45' title='bbox 780 870 946 938; x_wconf 89' lang='lat' dir='ltr'>montibus</span> <span class='ocrx_word' id='word_1_46' title='bbox 973 873 1080 968; x_wconf 85' lang='lat' dir='ltr'>pouit:</span> <span class='ocrx_word' id='word_1_47' title='bbox 1116 884 1306 941; x_wconf 85' lang='lat' dir='ltr'>senatorum</span> <span class='ocrx_word' id='word_1_48' title='bbox 1335 874 1564 964; x_wconf 85' lang='lat' dir='ltr'>(gentiumque</span> <span class='ocrx_word' id='word_1_49' title='bbox 1594 875 1824 966; x_wconf 81' lang='lat' dir='ltr'>patriciarum.)</span> 
     </span>
     <span class='ocr_line' id='line_1_8' title="bbox 318 953 983 1050; baseline 0 -26"><span class='ocrx_word' id='word_1_50' title='bbox 318 953 325 966; x_wconf 91' lang='lat'>&#39;</span> <span class='ocrx_word' id='word_1_51' title='bbox 397 979 576 1024; x_wconf 67' lang='lat' dir='ltr'>numerus</span> <span class='ocrx_word' id='word_1_52' title='bbox 599 955 700 1023; x_wconf 85' lang='lat' dir='ltr'>altero</span> <span class='ocrx_word' id='word_1_53' title='bbox 724 965 816 1025; x_wconf 92' lang='lat' dir='ltr'>tauto</span> <span class='ocrx_word' id='word_1_54' title='bbox 839 969 983 1050; x_wconf 77' lang='lat' dir='ltr'>atigetur.</span> 
     </span>
     <span class='ocr_line' id='line_1_9' title="bbox 376 1043 1826 1139; baseline 0.004 -26.513"><span class='ocrx_word' id='word_1_55' title='bbox 376 1043 473 1112; x_wconf 81' lang='lat' dir='ltr'>Tatio</span> <span class='ocrx_word' id='word_1_56' title='bbox 496 1068 514 1110; x_wconf 86' lang='lat' dir='ltr'>u</span> <span class='ocrx_word' id='word_1_57' title='bbox 538 1044 745 1112; x_wconf 82' lang='lat' dir='ltr'>Laurentiuis</span> <span class='ocrx_word' id='word_1_58' title='bbox 768 1045 887 1127; x_wconf 87' lang='lat' dir='ltr'>occiso,</span> <span class='ocrx_word' id='word_1_59' title='bbox 912 1045 1088 1126; x_wconf 78' lang='lat' dir='ltr'><strong>Romulus,</strong></span> <span class='ocrx_word' id='word_1_60' title='bbox 1113 1045 1230 1113; x_wconf 89' lang='lat' dir='ltr'>iterum</span> <span class='ocrx_word' id='word_1_61' title='bbox 1252 1044 1343 1116; x_wconf 89' lang='lat' dir='ltr'>solus</span> <span class='ocrx_word' id='word_1_62' title='bbox 1365 1069 1434 1131; x_wconf 90' lang='lat' dir='ltr'>rex,</span> <span class='ocrx_word' id='word_1_63' title='bbox 1457 1045 1542 1116; x_wconf 88' lang='lat' dir='ltr'>bella</span> <span class='ocrx_word' id='word_1_64' title='bbox 1565 1049 1649 1139; x_wconf 88' lang='lat' dir='ltr'>gerit</span> <span class='ocrx_word' id='word_1_65' title='bbox 1671 1072 1746 1118; x_wconf 90' lang='lat' dir='ltr'>cum</span> <span class='ocrx_word' id='word_1_66' title='bbox 1769 1047 1826 1118; x_wconf 70' lang='lat' dir='ltr'>Fi:</span> 
     </span>
     <span class='ocr_line' id='line_1_10' title="bbox 420 1131 1210 1224; baseline 0.001 -24"><span class='ocrx_word' id='word_1_67' title='bbox 420 1132 593 1201; x_wconf 85' lang='lat' dir='ltr'>denatibus</span> <span class='ocrx_word' id='word_1_68' title='bbox 617 1142 650 1200; x_wconf 88' lang='lat' dir='ltr'>et</span> <span class='ocrx_word' id='word_1_69' title='bbox 672 1131 875 1222; x_wconf 75' lang='lat' dir='ltr'>Veientibus,</span> <span class='ocrx_word' id='word_1_70' title='bbox 899 1133 1044 1202; x_wconf 80' lang='lat' dir='ltr'>Etruscis</span> <span class='ocrx_word' id='word_1_71' title='bbox 1066 1134 1210 1224; x_wconf 88' lang='lat' dir='ltr'>populis.</span> 
     </span>
     <span class='ocr_line' id='line_1_11' title="bbox 376 1211 1822 1312; baseline 0.004 -21"><span class='ocrx_word' id='word_1_72' title='bbox 376 1221 458 1292; x_wconf 81' lang='lat' dir='ltr'>Tres</span> <span class='ocrx_word' id='word_1_73' title='bbox 482 1218 595 1312; x_wconf 88' lang='lat' dir='ltr'>populi</span> <span class='ocrx_word' id='word_1_74' title='bbox 617 1219 732 1301; x_wconf 89' lang='lat' dir='ltr'>tribus,</span> <span class='ocrx_word' id='word_1_75' title='bbox 754 1231 820 1290; x_wconf 89' lang='lat' dir='ltr'>tres</span> <span class='ocrx_word' id='word_1_76' title='bbox 837 1222 989 1312; x_wconf 88' lang='lat' dir='ltr'>&#39;equitum</span> <span class='ocrx_word' id='word_1_77' title='bbox 1012 1211 1175 1288; x_wconf 78' lang='lat' dir='ltr'>centurias</span> <span class='ocrx_word' id='word_1_78' title='bbox 1194 1221 1356 1304; x_wconf 82' lang='lat' dir='ltr'>(Ramnes</span> <span class='ocrx_word' id='word_1_79' title='bbox 1377 1245 1404 1290; x_wconf 90' lang='lat' dir='ltr'>s.</span> <span class='ocrx_word' id='word_1_80' title='bbox 1427 1221 1649 1306; x_wconf 78' lang='lat' dir='ltr'><strong>Ramnenses,</strong></span> <span class='ocrx_word' id='word_1_81' title='bbox 1670 1219 1775 1294; x_wconf 77' lang='lat' dir='ltr'>‘litter</span> <span class='ocrx_word' id='word_1_82' title='bbox 1796 1249 1822 1298; x_wconf 88' lang='lat' dir='ltr'>a.</span> 
     </span>
     <span class='ocr_line' id='line_1_12' title="bbox 418 1306 1508 1400; baseline 0 -24"><span class='ocrx_word' id='word_1_83' title='bbox 418 1307 593 1389; x_wconf 82' lang='lat' dir='ltr'>Titienses,</span> <span class='ocrx_word' id='word_1_84' title='bbox 617 1306 758 1376; x_wconf 81' lang='lat' dir='ltr'>Luceres</span> <span class='ocrx_word' id='word_1_85' title='bbox 779 1332 806 1378; x_wconf 89' lang='lat' dir='ltr'>s.</span> <span class='ocrx_word' id='word_1_86' title='bbox 830 1307 1044 1394; x_wconf 82' lang='lat' dir='ltr'>Lucerenses)</span> <span class='ocrx_word' id='word_1_87' title='bbox 1067 1309 1217 1388; x_wconf 88' lang='lat' dir='ltr'>instituit,</span> <span class='ocrx_word' id='word_1_88' title='bbox 1239 1311 1368 1400; x_wconf 87' lang='lat' dir='ltr'>triginta</span> <span class='ocrx_word' id='word_1_89' title='bbox 1393 1311 1508 1378; x_wconf 72' lang='lat' dir='ltr'>erarius.</span> 
     </span>
     <span class='ocr_line' id='line_1_13' title="bbox 240 1393 1823 1490; baseline 0.001 -24"><span class='ocrx_word' id='word_1_90' title='bbox 240 1397 247 1408; x_wconf 83' lang='lat'>&#39;</span> <span class='ocrx_word' id='word_1_91' title='bbox 378 1393 524 1466; x_wconf 83' lang='lat' dir='ltr'>Romulo</span> <span class='ocrx_word' id='word_1_92' title='bbox 547 1407 692 1474; x_wconf 90' lang='lat' dir='ltr'>mortuo,</span> <span class='ocrx_word' id='word_1_93' title='bbox 720 1419 803 1462; x_wconf 87' lang='lat' dir='ltr'>curu</span> <span class='ocrx_word' id='word_1_94' title='bbox 825 1396 1010 1486; x_wconf 77' lang='lat' dir='ltr'>beterregno</span> <span class='ocrx_word' id='word_1_95' title='bbox 1038 1396 1135 1464; x_wconf 89' lang='lat' dir='ltr'>nnius</span> <span class='ocrx_word' id='word_1_96' title='bbox 1164 1398 1239 1464; x_wconf 87' lang='lat' dir='ltr'>anni</span> <span class='ocrx_word' id='word_1_97' title='bbox 1268 1399 1409 1490; x_wconf 87' lang='lat' dir='ltr'>populus</span> <span class='ocrx_word' id='word_1_98' title='bbox 1437 1400 1543 1467; x_wconf 84' lang='lat' dir='ltr'>lessus</span> <span class='ocrx_word' id='word_1_99' title='bbox 1569 1409 1674 1484; x_wconf 88' lang='lat' dir='ltr'>esset,</span> <span class='ocrx_word' id='word_1_100' title='bbox 1712 1396 1823 1469; x_wconf 82' lang='lat' dir='ltr'>Nrrma</span> 
     </span>
     <span class='ocr_line' id='line_1_14' title="bbox 420 1481 1949 1572; baseline 0.005 -25"><span class='ocrx_word' id='word_1_101' title='bbox 420 1481 624 1572; x_wconf 80' lang='lat' dir='ltr'>Pompilius,</span> <span class='ocrx_word' id='word_1_102' title='bbox 647 1481 786 1552; x_wconf 85' lang='lat' dir='ltr'>Curibus</span> <span class='ocrx_word' id='word_1_103' title='bbox 810 1481 947 1550; x_wconf 87' lang='lat' dir='ltr'>Sabinis</span> <span class='ocrx_word' id='word_1_104' title='bbox 971 1485 1104 1558; x_wconf 82' lang='lat' dir='ltr'>accitus,</span> <span class='ocrx_word' id='word_1_105' title='bbox 1126 1509 1184 1552; x_wconf 89' lang='lat' dir='ltr'>rex</span> <span class='ocrx_word' id='word_1_106' title='bbox 1207 1497 1333 1553; x_wconf 87' lang='lat' dir='ltr'>creatur</span> <span class='ocrx_word' id='word_1_107' title='bbox 1365 1534 1824 1558; x_wconf 86' lang='grc'><strong>...............</strong></span> <span class='ocrx_word' id='word_1_108' title='bbox 1881 1488 1949 1558; x_wconf 79' lang='lat'>715</span> 
     </span>
     <span class='ocr_line' id='line_1_15' title="bbox 377 1570 1823 1668; baseline 0.003 -30"><span class='ocrx_word' id='word_1_109' title='bbox 377 1571 408 1641; x_wconf 87' lang='lat' dir='ltr'>ls</span> <span class='ocrx_word' id='word_1_110' title='bbox 431 1571 594 1638; x_wconf 85' lang='lat' dir='ltr'>civitatem</span> <span class='ocrx_word' id='word_1_111' title='bbox 618 1570 753 1637; x_wconf 86' lang='lat' dir='ltr'>deorum</span> <span class='ocrx_word' id='word_1_112' title='bbox 779 1570 992 1662; x_wconf 74' lang='lat' dir='ltr'>religionibus</span> <span class='ocrx_word' id='word_1_113' title='bbox 1019 1572 1210 1664; x_wconf 79' lang='lat' dir='ltr'>legibusque</span> <span class='ocrx_word' id='word_1_114' title='bbox 1240 1573 1447 1641; x_wconf 75' lang='lat' dir='ltr'>instituendis</span> <span class='ocrx_word' id='word_1_115' title='bbox 1480 1576 1598 1642; x_wconf 89' lang='lat' dir='ltr'>iterum</span> <span class='ocrx_word' id='word_1_116' title='bbox 1628 1577 1721 1668; x_wconf 90' lang='lat' dir='ltr'>quasi</span> <span class='ocrx_word' id='word_1_117' title='bbox 1748 1597 1823 1642; x_wconf 91' lang='lat' dir='ltr'>cuu-</span> 
     </span>
     <span class='ocr_line' id='line_1_16' title="bbox 420 1657 1948 1750; baseline 0.005 -25"><span class='ocrx_word' id='word_1_118' title='bbox 420 1658 542 1726; x_wconf 89' lang='lat' dir='ltr'>didisse</span> <span class='ocrx_word' id='word_1_119' title='bbox 563 1657 673 1736; x_wconf 80' lang='lat' dir='ltr'>iertur,</span> <span class='ocrx_word' id='word_1_120' title='bbox 697 1681 772 1726; x_wconf 90' lang='lat' dir='ltr'>eum</span> <span class='ocrx_word' id='word_1_121' title='bbox 794 1683 853 1750; x_wconf 90' lang='lat' dir='ltr'>per</span> <span class='ocrx_word' id='word_1_122' title='bbox 876 1661 920 1726; x_wconf 81' lang='grc'>43</span> <span class='ocrx_word' id='word_1_123' title='bbox 943 1681 1046 1726; x_wconf 86' lang='lat' dir='ltr'>eunus</span> <span class='ocrx_word' id='word_1_124' title='bbox 1066 1661 1200 1748; x_wconf 8' lang='lat' dir='ltr'>paullum</span> <span class='ocrx_word' id='word_1_125' title='bbox 1224 1659 1345 1728; x_wconf 89' lang='lat' dir='ltr'>bellum</span> <span class='ocrx_word' id='word_1_126' title='bbox 1370 1672 1498 1750; x_wconf 78' lang='lat' dir='ltr'>gereret</span> <span class='ocrx_word' id='word_1_127' title='bbox 1521 1709 1822 1731; x_wconf 86' lang='grc'><strong>..........</strong></span> <span class='ocrx_word' id='word_1_128' title='bbox 1881 1663 1948 1734; x_wconf 81' lang='grc'>673</span> 
     </span>
     <span class='ocr_line' id='line_1_17' title="bbox 383 1738 1823 1838; baseline 0.001 -23"><span class='ocrx_word' id='word_1_129' title='bbox 383 1743 498 1815; x_wconf 71' lang='lat' dir='ltr'>ttetlm</span> <span class='ocrx_word' id='word_1_130' title='bbox 522 1745 699 1821; x_wconf 78' lang='lat' dir='ltr'>Hostilius,</span> <span class='ocrx_word' id='word_1_131' title='bbox 722 1745 865 1814; x_wconf 87' lang='lat' dir='ltr'>Romulo</span> <span class='ocrx_word' id='word_1_132' title='bbox 888 1738 1026 1814; x_wconf 88' lang='lat' dir='ltr'>similior</span> <span class='ocrx_word' id='word_1_133' title='bbox 1048 1771 1145 1838; x_wconf 86' lang='lat' dir='ltr'>quam</span> <span class='ocrx_word' id='word_1_134' title='bbox 1168 1747 1307 1828; x_wconf 80' lang='lat' dir='ltr'>Numae,</span> <span class='ocrx_word' id='word_1_135' title='bbox 1330 1748 1478 1816; x_wconf 81' lang='lat' dir='ltr'>Albanos</span> <span class='ocrx_word' id='word_1_136' title='bbox 1502 1752 1701 1834; x_wconf 71' lang='lat' dir='ltr'>(ructamine</span> <span class='ocrx_word' id='word_1_137' title='bbox 1724 1749 1823 1818; x_wconf 83' lang='lat' dir='ltr'>Hora-</span> 
     </span>
     <span class='ocr_line' id='line_1_18' title="bbox 418 1833 1818 1931; baseline 0.004 -31"><span class='ocrx_word' id='word_1_138' title='bbox 418 1834 537 1900; x_wconf 88' lang='lat' dir='ltr'>tiorum</span> <span class='ocrx_word' id='word_1_139' title='bbox 562 1844 596 1900; x_wconf 88' lang='lat' dir='ltr'>et</span> <span class='ocrx_word' id='word_1_140' title='bbox 618 1833 860 1920; x_wconf 78' lang='lat' dir='ltr'>Curiatiorum)</span> <span class='ocrx_word' id='word_1_141' title='bbox 881 1835 1021 1924; x_wconf 85' lang='lat' dir='ltr'>subjicit,</span> <span class='ocrx_word' id='word_1_142' title='bbox 1046 1835 1132 1902; x_wconf 87' lang='lat' dir='ltr'>baud</span> <span class='ocrx_word' id='word_1_143' title='bbox 1156 1835 1258 1902; x_wconf 91' lang='lat' dir='ltr'>multo</span> <span class='ocrx_word' id='word_1_144' title='bbox 1280 1847 1356 1929; x_wconf 86' lang='lat' dir='ltr'>post</span> <span class='ocrx_word' id='word_1_145' title='bbox 1378 1837 1494 1904; x_wconf 85' lang='lat' dir='ltr'>Albsm</span> <span class='ocrx_word' id='word_1_146' title='bbox 1518 1838 1648 1928; x_wconf 86' lang='lat' dir='ltr'>longam</span> <span class='ocrx_word' id='word_1_147' title='bbox 1671 1840 1757 1931; x_wconf 81' lang='lat' dir='ltr'>capit</span> <span class='ocrx_word' id='word_1_148' title='bbox 1780 1859 1818 1905; x_wconf 88' lang='lat' dir='ltr'>ac</span> 
     </span>
     <span class='ocr_line' id='line_1_19' title="bbox 419 1921 1947 2002; baseline 0.005 -16"><span class='ocrx_word' id='word_1_149' title='bbox 419 1921 527 2002; x_wconf 91' lang='lat' dir='ltr'>diruit,</span> <span class='ocrx_word' id='word_1_150' title='bbox 552 1923 639 2000; x_wconf 81' lang='lat' dir='ltr'>cives</span> <span class='ocrx_word' id='word_1_151' title='bbox 662 1922 801 1988; x_wconf 83' lang='lat' dir='ltr'>lloruam</span> <span class='ocrx_word' id='word_1_152' title='bbox 824 1923 1006 1990; x_wconf 82' lang='lat' dir='ltr'>transducit</span> <span class='ocrx_word' id='word_1_153' title='bbox 1028 1967 1823 1994; x_wconf 85' lang='lat'><strong>.........................</strong></span> <span class='ocrx_word' id='word_1_154' title='bbox 1882 1927 1947 1995; x_wconf 76' lang='lat'>667</span> 
     </span>
     <span class='ocr_line' id='line_1_20' title="bbox 374 2007 1823 2164; baseline 0.001 -85"><span class='ocrx_word' id='word_1_155' title='bbox 374 2007 533 2164; x_wconf 65' lang='lat' dir='ltr'>Senapum</span> <span class='ocrx_word' id='word_1_156' title='bbox 556 2018 654 2099; x_wconf 84' lang='lat' dir='ltr'>auget</span> <span class='ocrx_word' id='word_1_157' title='bbox 676 2009 802 2102; x_wconf 85' lang='lat' dir='ltr'>aliquot</span> <span class='ocrx_word' id='word_1_158' title='bbox 823 2009 973 2103; x_wconf 88' lang='lat' dir='ltr'>gentibus</span> <span class='ocrx_word' id='word_1_159' title='bbox 995 2009 1130 2078; x_wconf 84' lang='lat' dir='ltr'>Albanis</span> <span class='ocrx_word' id='word_1_160' title='bbox 1153 2011 1239 2080; x_wconf 86' lang='lat' dir='ltr'>inter</span> <span class='ocrx_word' id='word_1_161' title='bbox 1259 2021 1368 2104; x_wconf 87' lang='lat' dir='ltr'>patres</span> <span class='ocrx_word' id='word_1_162' title='bbox 1393 2015 1541 2106; x_wconf 82' lang='lat' dir='ltr'>receptis,</span> <span class='ocrx_word' id='word_1_163' title='bbox 1566 2015 1745 2104; x_wconf 80' lang='lat' dir='ltr'>equitatum</span> <span class='ocrx_word' id='word_1_164' title='bbox 1769 2013 1823 2081; x_wconf 89' lang='lat' dir='ltr'>du·</span> 
     </span>
     <span class='ocr_line' id='line_1_21' title="bbox 477 2098 1508 2167; baseline 0.003 -5"><span class='ocrx_word' id='word_1_165' title='bbox 477 2098 572 2167; x_wconf 75' lang='lat' dir='ltr'>icat..</span> <span class='ocrx_word' id='word_1_166' title='bbox 1504 2115 1508 2121; x_wconf 88' lang='grc'><em>“</em></span> 
     </span>
     <span class='ocr_line' id='line_1_22' title="bbox 374 2123 2032 2278; baseline 0.004 -27"><span class='ocrx_word' id='word_1_167' title='bbox 374 2123 527 2255; x_wconf 71' lang='lat' dir='ltr'>Fuirbiue</span> <span class='ocrx_word' id='word_1_168' title='bbox 549 2185 633 2252; x_wconf 88' lang='lat' dir='ltr'>ictus</span> <span class='ocrx_word' id='word_1_169' title='bbox 654 2183 740 2276; x_wconf 87' lang='lat' dir='ltr'>perit</span> <span class='ocrx_word' id='word_1_170' title='bbox 760 2195 836 2278; x_wconf 87' lang='lat' dir='ltr'>post</span> <span class='ocrx_word' id='word_1_171' title='bbox 858 2209 993 2275; x_wconf 87' lang='lat' dir='ltr'>regnum</span> <span class='ocrx_word' id='word_1_172' title='bbox 1016 2187 1060 2254; x_wconf 71' lang='lat'>32</span> <span class='ocrx_word' id='word_1_173' title='bbox 1083 2207 1241 2254; x_wconf 87' lang='lat' dir='ltr'>annorum</span> <span class='ocrx_word' id='word_1_174' title='bbox 1259 2230 1824 2256; x_wconf 80' lang='lat'><strong>..................</strong></span> <span class='ocrx_word' id='word_1_175' title='bbox 1880 2187 1946 2257; x_wconf 80' lang='grc'>641</span> <span class='ocrx_word' id='word_1_176' title='bbox 2031 2217 2032 2220; x_wconf 52' lang='grc'><strong>“</strong></span> 
     </span>
     <span class='ocr_line' id='line_1_23' title="bbox 269 2269 1834 2366; baseline 0 -24"><span class='ocrx_word' id='word_1_177' title='bbox 269 2297 271 2300; x_wconf 92' lang='grc'><strong><em>·</em></strong></span> <span class='ocrx_word' id='word_1_178' title='bbox 376 2275 499 2354; x_wconf 72' lang='lat' dir='ltr'>Atreus</span> <span class='ocrx_word' id='word_1_179' title='bbox 513 2271 679 2351; x_wconf 78' lang='lat' dir='ltr'>Marcius,</span> <span class='ocrx_word' id='word_1_180' title='bbox 704 2295 808 2366; x_wconf 86' lang='lat' dir='ltr'>nepos</span> <span class='ocrx_word' id='word_1_181' title='bbox 830 2273 957 2342; x_wconf 86' lang='lat' dir='ltr'>Numae</span> <span class='ocrx_word' id='word_1_182' title='bbox 980 2297 1022 2342; x_wconf 89' lang='lat' dir='ltr'>ex</span> <span class='ocrx_word' id='word_1_183' title='bbox 1044 2269 1127 2350; x_wconf 88' lang='lat' dir='ltr'>lilia,</span> <span class='ocrx_word' id='word_1_184' title='bbox 1157 2297 1260 2364; x_wconf 85' lang='lat' dir='ltr'>aeque</span> <span class='ocrx_word' id='word_1_185' title='bbox 1289 2273 1367 2342; x_wconf 87' lang='lat' dir='ltr'>belli</span> <span class='ocrx_word' id='word_1_186' title='bbox 1390 2299 1428 2342; x_wconf 85' lang='lat' dir='ltr'>ae</span> <span class='ocrx_word' id='word_1_187' title='bbox 1450 2275 1539 2366; x_wconf 88' lang='lat' dir='ltr'>peeis</span> <span class='ocrx_word' id='word_1_188' title='bbox 1562 2277 1684 2344; x_wconf 87' lang='lat' dir='ltr'>artibus</span> <span class='ocrx_word' id='word_1_189' title='bbox 1707 2275 1834 2356; x_wconf 66' lang='lat' dir='ltr'>clarus.</span> 
     </span>
     <span class='ocr_line' id='line_1_24' title="bbox 420 2359 1800 2452; baseline 0.001 -23"><span class='ocrx_word' id='word_1_190' title='bbox 420 2359 730 2440; x_wconf 75' lang='lat' dir='ltr'>Latinos&#39;dcrincit,</span> <span class='ocrx_word' id='word_1_191' title='bbox 754 2361 860 2428; x_wconf 87' lang='lat' dir='ltr'>victos</span> <span class='ocrx_word' id='word_1_192' title='bbox 880 2361 1022 2428; x_wconf 85' lang='lat' dir='ltr'>Romam</span> <span class='ocrx_word' id='word_1_193' title='bbox 1043 2361 1076 2428; x_wconf 88' lang='lat' dir='ltr'>in</span> <span class='ocrx_word' id='word_1_194' title='bbox 1102 2360 1304 2429; x_wconf 81' lang='lat' dir='ltr'>Auentinum</span> <span class='ocrx_word' id='word_1_195' title='bbox 1326 2373 1471 2428; x_wconf 88' lang='lat' dir='ltr'>montem</span> <span class='ocrx_word' id='word_1_196' title='bbox 1497 2364 1677 2451; x_wconf 79' lang='lat' dir='ltr'>demigrare</span> <span class='ocrx_word' id='word_1_197' title='bbox 1700 2363 1800 2452; x_wconf 89' lang='lat' dir='ltr'>eugit.</span> 
     </span>
     <span class='ocr_line' id='line_1_25' title="bbox 380 2446 1826 2541; baseline 0 -23"><span class='ocrx_word' id='word_1_198' title='bbox 380 2447 521 2530; x_wconf 83' lang='lat' dir='ltr'>Ostiam,</span> <span class='ocrx_word' id='word_1_199' title='bbox 546 2449 730 2540; x_wconf 81' lang='lat' dir='ltr'>ademptam</span> <span class='ocrx_word' id='word_1_200' title='bbox 757 2446 962 2538; x_wconf 76' lang='lat' dir='ltr'>Veientibus,</span> <span class='ocrx_word' id='word_1_201' title='bbox 984 2449 1118 2541; x_wconf 77' lang='lat' dir='ltr'>¹colemus</span> <span class='ocrx_word' id='word_1_202' title='bbox 1133 2449 1299 2518; x_wconf 84' lang='lat' dir='ltr'>Romanos</span> <span class='ocrx_word' id='word_1_203' title='bbox 1322 2451 1463 2533; x_wconf 79' lang='lat' dir='ltr'>deducit,</span> <span class='ocrx_word' id='word_1_204' title='bbox 1485 2451 1597 2518; x_wconf 88' lang='lat' dir='ltr'>urbem</span> <span class='ocrx_word' id='word_1_205' title='bbox 1621 2450 1759 2519; x_wconf 83' lang='lat' dir='ltr'>Romam</span> <span class='ocrx_word' id='word_1_206' title='bbox 1775 2452 1826 2518; x_wconf 88' lang='lat' dir='ltr'>Ja-</span> 
     </span>
     <span class='ocr_line' id='line_1_26' title="bbox 420 2537 1557 2605; baseline 0 -1"><span class='ocrx_word' id='word_1_207' title='bbox 420 2537 529 2605; x_wconf 89' lang='lat' dir='ltr'>niculo</span> <span class='ocrx_word' id='word_1_208' title='bbox 554 2538 680 2604; x_wconf 90' lang='lat' dir='ltr'>munito</span> <span class='ocrx_word' id='word_1_209' title='bbox 702 2537 855 2604; x_wconf 85' lang='lat' dir='ltr'>adversus</span> <span class='ocrx_word' id='word_1_210' title='bbox 878 2537 1031 2605; x_wconf 86' lang='lat' dir='ltr'>Etruscos</span> <span class='ocrx_word' id='word_1_211' title='bbox 1059 2537 1174 2604; x_wconf 78' lang='lat' dir='ltr'>linerat</span> <span class='ocrx_word' id='word_1_212' title='bbox 1554 2543 1557 2550; x_wconf 85' lang='grc'><strong>’</strong></span> 
     </span>
     <span class='ocr_line' id='line_1_27' title="bbox 299 2623 1825 2715; baseline -0.005 -20"><span class='ocrx_word' id='word_1_213' title='bbox 299 2655 302 2660; x_wconf 92' lang='grc'><strong><em>·</em></strong></span> <span class='ocrx_word' id='word_1_214' title='bbox 378 2625 460 2695; x_wconf 82' lang='lat' dir='ltr'>Post</span> <span class='ocrx_word' id='word_1_215' title='bbox 474 2624 558 2692; x_wconf 82' lang='lat' dir='ltr'>Anci</span> <span class='ocrx_word' id='word_1_216' title='bbox 572 2635 710 2692; x_wconf 90' lang='lat' dir='ltr'>mortem</span> <span class='ocrx_word' id='word_1_217' title='bbox 723 2624 789 2710; x_wconf 69' lang='grc'>(94</span> <span class='ocrx_word' id='word_1_218' title='bbox 801 2647 903 2691; x_wconf 53' lang='lat' dir='ltr'>anuos</span> <span class='ocrx_word' id='word_1_219' title='bbox 916 2629 1124 2714; x_wconf 75' lang='lat' dir='ltr'>regnaverat)</span> <span class='ocrx_word' id='word_1_220' title='bbox 1138 2625 1178 2692; x_wconf 79' lang='lat' dir='ltr'>L.</span> <span class='ocrx_word' id='word_1_221' title='bbox 1198 2624 1414 2715; x_wconf 79' lang='lat' dir='ltr'>Tarquinius·</span> <span class='ocrx_word' id='word_1_222' title='bbox 1423 2623 1575 2704; x_wconf 78' lang='lat' dir='ltr'>Priscus,</span> <span class='ocrx_word' id='word_1_223' title='bbox 1586 2623 1752 2694; x_wconf 82' lang='lat' dir='ltr'>Demarati</span> <span class='ocrx_word' id='word_1_224' title='bbox 1765 2625 1825 2694; x_wconf 70' lang='lat' dir='ltr'>Cu.</span> 
     </span>
     <span class='ocr_line' id='line_1_28' title="bbox 423 2711 2081 2806; baseline -0.001 -26"><span class='ocrx_word' id='word_1_225' title='bbox 423 2711 532 2784; x_wconf 89' lang='lat' dir='ltr'>rintbii</span> <span class='ocrx_word' id='word_1_226' title='bbox 546 2712 643 2794; x_wconf 85' lang='lat' dir='ltr'>filius,</span> <span class='ocrx_word' id='word_1_227' title='bbox 661 2713 716 2806; x_wconf 91' lang='lat' dir='ltr'>qui</span> <span class='ocrx_word' id='word_1_228' title='bbox 730 2711 1089 2802; x_wconf 80' lang='lat' dir='ltr'>&#39;l&#39;arquiuiis,&#39;Etruriae</span> <span class='ocrx_word' id='word_1_229' title='bbox 1102 2713 1233 2804; x_wconf 84' lang='lat' dir='ltr'>oppido,</span> <span class='ocrx_word' id='word_1_230' title='bbox 1249 2713 1388 2782; x_wconf 83' lang='lat' dir='ltr'>Romam</span> <span class='ocrx_word' id='word_1_231' title='bbox 1408 2713 1608 2802; x_wconf 79' lang='lat' dir='ltr'>migraverat,</span> <span class='ocrx_word' id='word_1_232' title='bbox 1625 2737 1682 2778; x_wconf 82' lang='lat' dir='ltr'>rex</span> <span class='ocrx_word' id='word_1_233' title='bbox 1702 2723 1827 2779; x_wconf 82' lang='lat' dir='ltr'>erratur</span> <span class='ocrx_word' id='word_1_234' title='bbox 1882 2713 1948 2780; x_wconf 80' lang='lat'>616</span> <span class='ocrx_word' id='word_1_235' title='bbox 2016 2719 2081 2787; x_wconf 75' lang='lat'>138</span> 
     </span>
     <span class='ocr_line' id='line_1_29' title="bbox 213 2797 1826 2892; baseline -0.003 -20"><span class='ocrx_word' id='word_1_236' title='bbox 213 2837 218 2844; x_wconf 93' lang='lat'><em>·</em></span> <span class='ocrx_word' id='word_1_237' title='bbox 317 2875 319 2882; x_wconf 66' lang='grc'>,</span> <span class='ocrx_word' id='word_1_238' title='bbox 377 2801 496 2872; x_wconf 84' lang='lat' dir='ltr'>Caeles</span> <span class='ocrx_word' id='word_1_239' title='bbox 521 2800 672 2868; x_wconf 84' lang='lat' dir='ltr'>Vibenna</span> <span class='ocrx_word' id='word_1_240' title='bbox 697 2797 860 2868; x_wconf 87' lang='lat' dir='ltr'>coloniam</span> <span class='ocrx_word' id='word_1_241' title='bbox 877 2801 1085 2869; x_wconf 81' lang='lat' dir='ltr'>Etrrueorum</span> <span class='ocrx_word' id='word_1_242' title='bbox 1102 2799 1241 2870; x_wconf 77' lang='lat' dir='ltr'>Roaiam</span> <span class='ocrx_word' id='word_1_243' title='bbox 1265 2801 1353 2886; x_wconf 85' lang='lat' dir='ltr'>ducit</span> <span class='ocrx_word' id='word_1_244' title='bbox 1374 2801 1557 2892; x_wconf 74' lang='lat' dir='ltr'>insidi-tque</span> <span class='ocrx_word' id='word_1_245' title='bbox 1579 2811 1725 2886; x_wconf 84' lang='lat' dir='ltr'>moqtem</span> <span class='ocrx_word' id='word_1_246' title='bbox 1742 2801 1826 2868; x_wconf 83' lang='lat' dir='ltr'>Cur-</span> 
     </span>
     <span class='ocr_line' id='line_1_30' title="bbox 419 2889 1918 2968; baseline -0.003 -10"><span class='ocrx_word' id='word_1_247' title='bbox 419 2890 565 2958; x_wconf 82' lang='lat' dir='ltr'>Iimuab</span> <span class='ocrx_word' id='word_1_248' title='bbox 588 2913 625 2956; x_wconf 87' lang='lat' dir='ltr'>ea</span> <span class='ocrx_word' id='word_1_249' title='bbox 649 2911 684 2957; x_wconf 91' lang='lat' dir='ltr'>re</span> <span class='ocrx_word' id='word_1_250' title='bbox 706 2900 868 2958; x_wconf 83' lang='lat' dir='ltr'>vocatum.</span> <span class='ocrx_word' id='word_1_251' title='bbox 911 2889 1088 2958; x_wconf 72' lang='lat' dir='ltr'>&#39;laudun</span> <span class='ocrx_word' id='word_1_252' title='bbox 1108 2891 1139 2968; x_wconf 93' lang='grc'>4,</span> <span class='ocrx_word' id='word_1_253' title='bbox 1158 2892 1209 2959; x_wconf 83' lang='lat'>65.</span> <span class='ocrx_word' id='word_1_254' title='bbox 1916 2949 1918 2953; x_wconf 87' lang='lat'>.</span> 
     </span>
     <span class='ocr_line' id='line_1_31' title="bbox 369 2972 1825 3068; baseline -0.005 -22"><span class='ocrx_word' id='word_1_255' title='bbox 369 2979 534 3068; x_wconf 83' lang='lat' dir='ltr'>·&#39;l&#39;a&#39;rquin.</span> <span class='ocrx_word' id='word_1_256' title='bbox 557 2987 724 3044; x_wconf 83' lang='lat' dir='ltr'>senatores</span> <span class='ocrx_word' id='word_1_257' title='bbox 747 2977 837 3044; x_wconf 86' lang='lat' dir='ltr'>addit</span> <span class='ocrx_word' id='word_1_258' title='bbox 863 2995 1013 3056; x_wconf 83' lang='lat' dir='ltr'>eentum,</span> <span class='ocrx_word' id='word_1_259' title='bbox 1042 2977 1160 3044; x_wconf 88' lang='lat' dir='ltr'>deiude</span> <span class='ocrx_word' id='word_1_260' title='bbox 1189 2976 1352 3044; x_wconf 88' lang='lat' dir='ltr'>minorum</span> <span class='ocrx_word' id='word_1_261' title='bbox 1381 2975 1527 3064; x_wconf 86' lang='lat' dir='ltr'>gentium</span> <span class='ocrx_word' id='word_1_262' title='bbox 1555 2972 1753 3064; x_wconf 85' lang='lat' dir='ltr'>appellatos,</span> <span class='ocrx_word' id='word_1_263' title='bbox 1787 2982 1825 3039; x_wconf 88' lang='lat' dir='ltr'>ut</span> 
     </span>
     <span class='ocr_line' id='line_1_32' title="bbox 420 3061 1033 3139; baseline -0.007 -6"><span class='ocrx_word' id='word_1_264' title='bbox 420 3069 487 3133; x_wconf 83' lang='lat'>300</span> <span class='ocrx_word' id='word_1_265' title='bbox 508 3073 675 3139; x_wconf 85' lang='lat' dir='ltr'>senatores</span> <span class='ocrx_word' id='word_1_266' title='bbox 698 3085 837 3129; x_wconf 88' lang='lat' dir='ltr'>numero</span> <span class='ocrx_word' id='word_1_267' title='bbox 858 3061 934 3128; x_wconf 80' lang='lat' dir='ltr'>laeti</span> <span class='ocrx_word' id='word_1_268' title='bbox 957 3063 1033 3129; x_wconf 87' lang='lat' dir='ltr'>sint.</span> 
     </span>
     <span class='ocr_line' id='line_1_33' title="bbox 377 3143 1822 3237; baseline -0.006 -17"><span class='ocrx_word' id='word_1_269' title='bbox 377 3149 467 3220; x_wconf 89' lang='lat' dir='ltr'>ldem</span> <span class='ocrx_word' id='word_1_270' title='bbox 492 3175 566 3218; x_wconf 85' lang='lat' dir='ltr'>euru</span> <span class='ocrx_word' id='word_1_271' title='bbox 591 3171 689 3215; x_wconf 76' lang='lat' dir='ltr'>riorus</span> <span class='ocrx_word' id='word_1_272' title='bbox 712 3159 778 3216; x_wconf 90' lang='lat' dir='ltr'>tres</span> <span class='ocrx_word' id='word_1_273' title='bbox 801 3149 945 3237; x_wconf 88' lang='lat' dir='ltr'>equitum</span> <span class='ocrx_word' id='word_1_274' title='bbox 971 3149 1142 3218; x_wconf 80' lang='lat' dir='ltr'>eenturias.</span> <span class='ocrx_word' id='word_1_275' title='bbox 1167 3147 1304 3234; x_wconf 81' lang='lat' dir='ltr'>augurio</span> <span class='ocrx_word' id='word_1_276' title='bbox 1324 3146 1458 3222; x_wconf 79' lang='lat' dir='ltr'>vetitus,</span> <span class='ocrx_word' id='word_1_277' title='bbox 1482 3143 1589 3212; x_wconf 86' lang='lat' dir='ltr'>iacere</span> <span class='ocrx_word' id='word_1_278' title='bbox 1610 3163 1678 3211; x_wconf 86' lang='lat' dir='ltr'>uon</span> <span class='ocrx_word' id='word_1_279' title='bbox 1699 3153 1822 3236; x_wconf 86' lang='lat' dir='ltr'>posset,</span> 
     </span>
     <span class='ocr_line' id='line_1_34' title="bbox 422 3235 1915 3322; baseline -0.005 -16"><span class='ocrx_word' id='word_1_280' title='bbox 422 3240 528 3307; x_wconf 85' lang='lat' dir='ltr'>tribus</span> <span class='ocrx_word' id='word_1_281' title='bbox 547 3235 710 3304; x_wconf 87' lang='lat' dir='ltr'>veteribus</span> <span class='ocrx_word' id='word_1_282' title='bbox 733 3237 870 3302; x_wconf 84' lang='lat' dir='ltr'>alterum</span> <span class='ocrx_word' id='word_1_283' title='bbox 890 3247 1017 3302; x_wconf 72' lang='lat' dir='ltr'>mertum</span> <span class='ocrx_word' id='word_1_284' title='bbox 1034 3235 1160 3322; x_wconf 80' lang='lat' dir='ltr'>adjerit,</span> <span class='ocrx_word' id='word_1_285' title='bbox 1183 3245 1221 3300; x_wconf 90' lang='lat' dir='ltr'>ut</span> <span class='ocrx_word' id='word_1_286' title='bbox 1236 3245 1347 3302; x_wconf 87' lang='lat' dir='ltr'>esseut</span> <span class='ocrx_word' id='word_1_287' title='bbox 1366 3235 1459 3302; x_wconf 70' lang='lat' dir='ltr'>troo.</span> <span class='ocrx_word' id='word_1_288' title='bbox 1910 3245 1915 3250; x_wconf 83' lang='grc'><em>“</em></span> 
     </span>
     <span class='ocr_line' id='line_1_35' title="bbox 380 3321 1255 3413; baseline -0.002 -21"><span class='ocrx_word' id='word_1_289' title='bbox 380 3325 491 3394; x_wconf 87' lang='lat' dir='ltr'>Vincit</span> <span class='ocrx_word' id='word_1_290' title='bbox 513 3322 658 3392; x_wconf 84' lang='lat' dir='ltr'>Sabinos</span> <span class='ocrx_word' id='word_1_291' title='bbox 678 3332 711 3390; x_wconf 88' lang='lat' dir='ltr'>et</span> <span class='ocrx_word' id='word_1_292' title='bbox 734 3321 877 3402; x_wconf 86' lang='lat' dir='ltr'>Latinos,</span> <span class='ocrx_word' id='word_1_293' title='bbox 899 3323 1130 3413; x_wconf 81' lang='lat' dir='ltr'>civitatemque</span> <span class='ocrx_word' id='word_1_294' title='bbox 1152 3333 1255 3410; x_wconf 84' lang='lat' dir='ltr'>auget</span> 
     </span>
     <span class='ocr_line' id='line_1_36' title="bbox 377 3402 1867 3506; baseline -0.002 -25"><span class='ocrx_word' id='word_1_295' title='bbox 377 3412 554 3506; x_wconf 66' lang='lat' dir='ltr'>‘l&#39;emplum</span> <span class='ocrx_word' id='word_1_296' title='bbox 577 3409 668 3478; x_wconf 88' lang='lat' dir='ltr'>Jovis</span> <span class='ocrx_word' id='word_1_297' title='bbox 691 3409 876 3501; x_wconf 86' lang='lat' dir='ltr'>Capitolini·</span> <span class='ocrx_word' id='word_1_298' title='bbox 898 3409 1067 3479; x_wconf 80' lang='lat' dir='ltr'>aedificare</span> <span class='ocrx_word' id='word_1_299' title='bbox 1096 3407 1299 3502; x_wconf 83' lang='lat' dir='ltr'>Cloeeasque</span> <span class='ocrx_word' id='word_1_300' title='bbox 1324 3417 1451 3477; x_wconf 86' lang='lat' dir='ltr'>struere</span> <span class='ocrx_word' id='word_1_301' title='bbox 1477 3403 1609 3500; x_wconf 88' lang='lat' dir='ltr'>incipit,</span> <span class='ocrx_word' id='word_1_302' title='bbox 1635 3403 1733 3473; x_wconf 88' lang='lat' dir='ltr'>ludos</span> <span class='ocrx_word' id='word_1_303' title='bbox 1759 3402 1823 3472; x_wconf 85' lang='lat' dir='ltr'>Ro-</span> <span class='ocrx_word' id='word_1_304' title='bbox 1864 3465 1867 3478; x_wconf 94' lang='lat'>.</span> 
     </span>
     <span class='ocr_line' id='line_1_37' title="bbox 424 3499 1948 3588; baseline 0.001 -22"><span class='ocrx_word' id='word_1_305' title='bbox 424 3521 536 3567; x_wconf 85' lang='lat' dir='ltr'>menos</span> <span class='ocrx_word' id='word_1_306' title='bbox 558 3523 584 3567; x_wconf 89' lang='lat' dir='ltr'>s.</span> <span class='ocrx_word' id='word_1_307' title='bbox 608 3521 748 3588; x_wconf 79' lang='lat' dir='ltr'>magnos</span> <span class='ocrx_word' id='word_1_308' title='bbox 769 3499 917 3567; x_wconf 85' lang='lat' dir='ltr'>instituit</span> <span class='ocrx_word' id='word_1_309' title='bbox 1338 3582 1341 3588; x_wconf 11' lang='grc' dir='ltr'><em>ῃ</em></span> <span class='ocrx_word' id='word_1_310' title='bbox 1492 3511 1529 3580; x_wconf 67' lang='grc'>,’</span> <span class='ocrx_word' id='word_1_311' title='bbox 1705 3521 1708 3527; x_wconf 89' lang='grc'><em>·</em></span> <span class='ocrx_word' id='word_1_312' title='bbox 1944 3575 1948 3580; x_wconf 47' lang='grc'>,</span> 
     </span>
     <span class='ocr_line' id='line_1_38' title="bbox 380 3580 1822 3680; baseline -0.008 -22"><span class='ocrx_word' id='word_1_313' title='bbox 380 3587 571 3680; x_wconf 70' lang='lat' dir='ltr'>&#39;Parquinim</span> <span class='ocrx_word' id='word_1_314' title='bbox 593 3612 652 3680; x_wconf 89' lang='lat' dir='ltr'>per</span> <span class='ocrx_word' id='word_1_315' title='bbox 673 3587 848 3656; x_wconf 69' lang='lat' dir='ltr'>sicariam</span> <span class='ocrx_word' id='word_1_316' title='bbox 872 3585 1001 3656; x_wconf 83' lang='lat' dir='ltr'>llereiis</span> <span class='ocrx_word' id='word_1_317' title='bbox 1024 3583 1202 3653; x_wconf 77' lang='lat' dir='ltr'>condrictos</span> <span class='ocrx_word' id='word_1_318' title='bbox 1224 3582 1315 3674; x_wconf 88' lang='lat' dir='ltr'>regui</span> <span class='ocrx_word' id='word_1_319' title='bbox 1347 3605 1432 3650; x_wconf 83' lang='lat' dir='ltr'>suno</span> <span class='ocrx_word' id='word_1_320' title='bbox 1455 3581 1509 3650; x_wconf 80' lang='lat'>38.</span> <span class='ocrx_word' id='word_1_321' title='bbox 1538 3580 1723 3658; x_wconf 85' lang='lat' dir='ltr'>interiecto,</span> <span class='ocrx_word' id='word_1_322' title='bbox 1752 3601 1822 3647; x_wconf 75' lang='lat' dir='ltr'>sue</span> 
     </span>
     <span class='ocr_line' id='line_1_39' title="bbox 422 3665 2083 3766; baseline -0.006 -20"><span class='ocrx_word' id='word_1_323' title='bbox 422 3677 509 3746; x_wconf 85' lang='lat' dir='ltr'>cedit</span> <span class='ocrx_word' id='word_1_324' title='bbox 530 3676 601 3742; x_wconf 86' lang='lat' dir='ltr'>sine</span> <span class='ocrx_word' id='word_1_325' title='bbox 624 3686 752 3765; x_wconf 85' lang='lat' dir='ltr'>patrum</span> <span class='ocrx_word' id='word_1_326' title='bbox 775 3676 975 3755; x_wconf 83' lang='lat' dir='ltr'>erreturitate,</span> <span class='ocrx_word' id='word_1_327' title='bbox 999 3674 1057 3742; x_wconf 84' lang='lat' dir='ltr'>sed</span> <span class='ocrx_word' id='word_1_328' title='bbox 1080 3673 1185 3766; x_wconf 86' lang='lat' dir='ltr'>plebis</span> <span class='ocrx_word' id='word_1_329' title='bbox 1209 3673 1373 3739; x_wconf 87' lang='lat' dir='ltr'>voluntate</span> <span class='ocrx_word' id='word_1_330' title='bbox 1395 3693 1455 3738; x_wconf 88' lang='lat' dir='ltr'>rex</span> <span class='ocrx_word' id='word_1_331' title='bbox 1477 3669 1614 3737; x_wconf 84' lang='lat' dir='ltr'>Seruius</span> <span class='ocrx_word' id='word_1_332' title='bbox 1642 3667 1823 3736; x_wconf 76' lang='lat' dir='ltr'>Pullius..</span> <span class='ocrx_word' id='word_1_333' title='bbox 1879 3665 1949 3736; x_wconf 78' lang='lat'>578</span> <span class='ocrx_word' id='word_1_334' title='bbox 2014 3677 2083 3746; x_wconf 80' lang='lat'>176</span> 
     </span>
     <span class='ocr_line' id='line_1_40' title="bbox 378 3757 1821 3856; baseline -0.01 -20"><span class='ocrx_word' id='word_1_335' title='bbox 378 3765 593 3856; x_wconf 78' lang='lat' dir='ltr'>Esqrrilinum</span> <span class='ocrx_word' id='word_1_336' title='bbox 617 3774 663 3831; x_wconf 64' lang='lat' dir='ltr'>etu</span> <span class='ocrx_word' id='word_1_337' title='bbox 677 3761 886 3832; x_wconf 67' lang='lat' dir='ltr'>I&#39;iminulem</span> <span class='ocrx_word' id='word_1_338' title='bbox 910 3771 1055 3830; x_wconf 80' lang='lat' dir='ltr'>ururrtem</span> <span class='ocrx_word' id='word_1_339' title='bbox 1077 3761 1150 3829; x_wconf 89' lang='lat' dir='ltr'>urbi</span> <span class='ocrx_word' id='word_1_340' title='bbox 1172 3759 1270 3840; x_wconf 85' lang='lat' dir='ltr'>addit,</span> <span class='ocrx_word' id='word_1_341' title='bbox 1293 3781 1452 3850; x_wconf 86' lang='lat' dir='ltr'>muroque</span> <span class='ocrx_word' id='word_1_342' title='bbox 1474 3758 1590 3849; x_wconf 86' lang='lat' dir='ltr'>cingit:</span> <span class='ocrx_word' id='word_1_343' title='bbox 1612 3757 1722 3846; x_wconf 86' lang='lat' dir='ltr'>itaque</span> <span class='ocrx_word' id='word_1_344' title='bbox 1746 3777 1821 3823; x_wconf 86' lang='lat' dir='ltr'>eum</span> 
     </span>
     <span class='ocr_line' id='line_1_41' title="bbox 423 3849 1299 3943; baseline -0.007 -22"><span class='ocrx_word' id='word_1_345' title='bbox 423 3853 514 3922; x_wconf 87' lang='lat' dir='ltr'>urbis</span> <span class='ocrx_word' id='word_1_346' title='bbox 536 3851 693 3919; x_wconf 86' lang='lat' dir='ltr'>ambitum</span> <span class='ocrx_word' id='word_1_347' title='bbox 718 3851 828 3932; x_wconf 86' lang='lat' dir='ltr'>elficit,</span> <span class='ocrx_word' id='word_1_348' title='bbox 850 3850 907 3942; x_wconf 88' lang='lat' dir='ltr'>qui</span> <span class='ocrx_word' id='word_1_349' title='bbox 929 3849 1067 3943; x_wconf 87' lang='lat' dir='ltr'>posthac</span> <span class='ocrx_word' id='word_1_350' title='bbox 1090 3851 1144 3916; x_wconf 87' lang='lat' dir='ltr'>diu</span> <span class='ocrx_word' id='word_1_351' title='bbox 1166 3849 1299 3917; x_wconf 85' lang='lat' dir='ltr'>mansit.</span> 
     </span>
     <span class='ocr_line' id='line_1_42' title="bbox 268 3929 1825 4034; baseline -0.005 -30"><span class='ocrx_word' id='word_1_352' title='bbox 268 3999 271 4004; x_wconf 92' lang='lat'>.</span> <span class='ocrx_word' id='word_1_353' title='bbox 379 3939 543 4034; x_wconf 80' lang='lat' dir='ltr'>Populum</span> <span class='ocrx_word' id='word_1_354' title='bbox 566 3940 599 4006; x_wconf 89' lang='lat' dir='ltr'>in</span> <span class='ocrx_word' id='word_1_355' title='bbox 623 3937 845 4007; x_wconf 69' lang='lat' dir='ltr'>selaeseu</span> <span class='ocrx_word' id='word_1_356' title='bbox 869 3941 933 4008; x_wconf 83' lang='lat'>170</span> <span class='ocrx_word' id='word_1_357' title='bbox 956 3937 1116 4007; x_wconf 86' lang='lat' dir='ltr'>centurias</span> <span class='ocrx_word' id='word_1_358' title='bbox 1139 3961 1179 4004; x_wconf 83' lang='lat' dir='ltr'>ex</span> <span class='ocrx_word' id='word_1_359' title='bbox 1203 3959 1301 4005; x_wconf 86' lang='lat' dir='ltr'>ceusu</span> <span class='ocrx_word' id='word_1_360' title='bbox 1325 3933 1498 4014; x_wconf 86' lang='lat' dir='ltr'>distribuit,</span> <span class='ocrx_word' id='word_1_361' title='bbox 1521 3930 1641 4024; x_wconf 88' lang='lat' dir='ltr'>quibus</span> <span class='ocrx_word' id='word_1_362' title='bbox 1662 3929 1825 3999; x_wconf 82' lang='lat' dir='ltr'>exercitus</span> 
     </span>
     <span class='ocr_line' id='line_1_43' title="bbox 424 4019 1875 4131; baseline -0.009 -33"><span class='ocrx_word' id='word_1_363' title='bbox 424 4031 579 4122; x_wconf 73' lang='lat' dir='ltr'>pedester</span> <span class='ocrx_word' id='word_1_364' title='bbox 605 4025 898 4131; x_wconf 40' lang='lat' dir='ltr'>efficeretur,·bis&#39;</span> <span class='ocrx_word' id='word_1_365' title='bbox 917 4027 1088 4130; x_wconf 46' lang='lat' dir='ltr'>adonem</span> <span class='ocrx_word' id='word_1_366' title='bbox 1118 4025 1166 4130; x_wconf 35' lang='lat' dir='ltr'>ts.</span> <span class='ocrx_word' id='word_1_367' title='bbox 1184 4025 1352 4130; x_wconf 71' lang='lat' dir='ltr'>centuriae</span> <span class='ocrx_word' id='word_1_368' title='bbox 1374 4023 1532 4115; x_wconf 81' lang='lat' dir='ltr'>equitum.</span> <span class='ocrx_word' id='word_1_369' title='bbox 1577 4019 1649 4087; x_wconf 83' lang='lat' dir='ltr'>Una</span> <span class='ocrx_word' id='word_1_370' title='bbox 1676 4020 1822 4087; x_wconf 73' lang='lat' dir='ltr'>centuria</span> <span class='ocrx_word' id='word_1_371' title='bbox 1871 4109 1875 4117; x_wconf 18' lang='grc' dir='ltr'><strong><em>ο</em></strong></span> 
     </span>
     <span class='ocr_line' id='line_1_44' title="bbox 379 4113 1820 4296; baseline -0.008 -22"><span class='ocrx_word' id='word_1_372' title='bbox 379 4113 1466 4296; x_wconf 37' lang='lat' dir='ltr'>ldpquppppemmspnppqqqtpppprqppbpppmpnppbpppprstqaqustpusum5</span> <span class='ocrx_word' id='word_1_373' title='bbox 1491 4217 1550 4288; x_wconf 88' lang='lat' dir='ltr'>pro</span> <span class='ocrx_word' id='word_1_374' title='bbox 1578 4195 1643 4262; x_wconf 88' lang='lat' dir='ltr'>situ</span> <span class='ocrx_word' id='word_1_375' title='bbox 1670 4216 1820 4286; x_wconf 82' lang='lat' dir='ltr'>agrorum</span> 
     </span>
     <span class='ocr_line' id='line_1_45' title="bbox 423 4289 1691 4386; baseline -0.002 -25"><span class='ocrx_word' id='word_1_376' title='bbox 423 4293 597 4382; x_wconf 80' lang='lat' dir='ltr'>distribuit.</span> <span class='ocrx_word' id='word_1_377' title='bbox 630 4289 932 4386; x_wconf 59' lang='lat' dir='ltr'>(Dionysus.)</span> <span class='ocrx_word' id='word_1_378' title='bbox 1539 4370 1546 4386; x_wconf 32' lang='grc' dir='ltr'>ι</span> <span class='ocrx_word' id='word_1_379' title='bbox 1684 4370 1691 4386; x_wconf 32' lang='grc' dir='ltr'>υ</span> 
     </span>
     <span class='ocr_line' id='line_1_46' title="bbox 296 4369 1821 4470; baseline -0.006 -23"><span class='ocrx_word' id='word_1_380' title='bbox 296 4453 299 4464; x_wconf 60' lang='grc'>,</span> <span class='ocrx_word' id='word_1_381' title='bbox 377 4377 504 4450; x_wconf 62' lang='lat' dir='ltr'>danum</span> <span class='ocrx_word' id='word_1_382' title='bbox 520 4380 647 4446; x_wconf 79' lang='lat' dir='ltr'>Dianae</span> <span class='ocrx_word' id='word_1_383' title='bbox 670 4377 794 4447; x_wconf 66' lang='lat' dir='ltr'>iteum</span> <span class='ocrx_word' id='word_1_384' title='bbox 816 4377 975 4446; x_wconf 79' lang='lat' dir='ltr'>abstinis</span> <span class='ocrx_word' id='word_1_385' title='bbox 999 4376 1187 4470; x_wconf 83' lang='lat' dir='ltr'>populoque</span> <span class='ocrx_word' id='word_1_386' title='bbox 1210 4375 1361 4444; x_wconf 86' lang='lat' dir='ltr'>Romano</span> <span class='ocrx_word' id='word_1_387' title='bbox 1382 4381 1599 4441; x_wconf 76' lang='lat' dir='ltr'>cummuniter</span> <span class='ocrx_word' id='word_1_388' title='bbox 1619 4369 1821 4454; x_wconf 76' lang='lat' dir='ltr'>aedificatur,</span> 
     </span>
     <span class='ocr_line' id='line_1_47' title="bbox 363 4467 1047 4560; baseline -0.007 -25"><span class='ocrx_word' id='word_1_389' title='bbox 363 4545 368 4552; x_wconf 90' lang='lat'><em>.</em></span> <span class='ocrx_word' id='word_1_390' title='bbox 423 4479 578 4560; x_wconf 85' lang='lat' dir='ltr'>tanquam</span> <span class='ocrx_word' id='word_1_391' title='bbox 600 4481 850 4534; x_wconf 83' lang='lat' dir='ltr'>monumentum</span> <span class='ocrx_word' id='word_1_392' title='bbox 874 4467 1047 4535; x_wconf 85' lang='lat' dir='ltr'>societatis.</span> 
     </span>
     <span class='ocr_line' id='line_1_48' title="bbox 384 4545 1852 4648; baseline -0.007 -24"><span class='ocrx_word' id='word_1_393' title='bbox 384 4553 591 4646; x_wconf 72' lang='lat' dir='ltr'>Turmriuius</span> <span class='ocrx_word' id='word_1_394' title='bbox 608 4553 788 4644; x_wconf 72' lang='lat' dir='ltr'>Superbus,</span> <span class='ocrx_word' id='word_1_395' title='bbox 814 4553 913 4622; x_wconf 82' lang='lat' dir='ltr'>Prisci</span> <span class='ocrx_word' id='word_1_396' title='bbox 933 4553 1104 4648; x_wconf 82' lang='lat' dir='ltr'>&#39;l&#39;srquinii</span> <span class='ocrx_word' id='word_1_397' title='bbox 1124 4551 1211 4620; x_wconf 84' lang='lat' dir='ltr'>lilius</span> <span class='ocrx_word' id='word_1_398' title='bbox 1232 4571 1391 4642; x_wconf 77' lang='lat' dir='ltr'>neposve,</span> <span class='ocrx_word' id='word_1_399' title='bbox 1418 4545 1567 4615; x_wconf 82' lang='lat' dir='ltr'>Seruium</span> <span class='ocrx_word' id='word_1_400' title='bbox 1590 4569 1712 4636; x_wconf 83' lang='lat' dir='ltr'>regem,</span> <span class='ocrx_word' id='word_1_401' title='bbox 1733 4569 1820 4614; x_wconf 89' lang='lat' dir='ltr'>suce-</span> <span class='ocrx_word' id='word_1_402' title='bbox 1851 4572 1852 4591; x_wconf 68' lang='lat'>³</span> 
     </span>
     <span class='ocr_line' id='line_1_49' title="bbox 422 4636 1821 4735; baseline -0.009 -23"><span class='ocrx_word' id='word_1_403' title='bbox 422 4667 494 4712; x_wconf 75' lang='lat' dir='ltr'>reem</span> <span class='ocrx_word' id='word_1_404' title='bbox 515 4668 623 4726; x_wconf 67' lang='lat' dir='ltr'>suerin,</span> <span class='ocrx_word' id='word_1_405' title='bbox 644 4665 745 4732; x_wconf 77' lang='lat' dir='ltr'>reguo</span> <span class='ocrx_word' id='word_1_406' title='bbox 765 4643 853 4734; x_wconf 87' lang='lat' dir='ltr'>quud</span> <span class='ocrx_word' id='word_1_407' title='bbox 875 4667 934 4735; x_wconf 89' lang='lat' dir='ltr'>per</span> <span class='ocrx_word' id='word_1_408' title='bbox 956 4646 998 4712; x_wconf 90' lang='grc'>44</span> <span class='ocrx_word' id='word_1_409' title='bbox 1022 4667 1124 4708; x_wconf 74' lang='lat' dir='ltr'>arturus</span> <span class='ocrx_word' id='word_1_410' title='bbox 1140 4642 1386 4711; x_wconf 74' lang='lat' dir='ltr'>administrarat,</span> <span class='ocrx_word' id='word_1_411' title='bbox 1412 4638 1540 4727; x_wconf 83' lang='lat' dir='ltr'>vitaque</span> <span class='ocrx_word' id='word_1_412' title='bbox 1556 4636 1670 4726; x_wconf 85' lang='lat' dir='ltr'>privat,</span> <span class='ocrx_word' id='word_1_413' title='bbox 1694 4647 1727 4704; x_wconf 87' lang='lat' dir='ltr'>et</span> <span class='ocrx_word' id='word_1_414' title='bbox 1742 4637 1821 4704; x_wconf 85' lang='lat' dir='ltr'>iero·</span> 
     </span>
     <span class='ocr_line' id='line_1_50' title="bbox 330 4717 2081 4822; baseline -0.008 -21"><span class='ocrx_word' id='word_1_415' title='bbox 330 4805 333 4810; x_wconf 72' lang='grc'><em>,</em></span> <span class='ocrx_word' id='word_1_416' title='bbox 419 4732 501 4800; x_wconf 87' lang='lat' dir='ltr'>citer</span> <span class='ocrx_word' id='word_1_417' title='bbox 524 4741 637 4822; x_wconf 80' lang='lat' dir='ltr'>regnat</span> <span class='ocrx_word' id='word_1_418' title='bbox 658 4753 762 4798; x_wconf 79' lang='lat' dir='ltr'>sauss</span> <span class='ocrx_word' id='word_1_419' title='bbox 785 4733 829 4797; x_wconf 74' lang='lat'>‘25</span> <span class='ocrx_word' id='word_1_420' title='bbox 846 4770 1821 4799; x_wconf 73' lang='grc'><strong>...............................</strong></span> <span class='ocrx_word' id='word_1_421' title='bbox 1876 4717 1942 4808; x_wconf 80' lang='grc'>534</span> <span class='ocrx_word' id='word_1_422' title='bbox 2010 4723 2081 4795; x_wconf 58' lang='lat'>‘220</span> 
     </span>
    </p>
   </div>
   <div class='ocr_carea' id='block_1_3' title="bbox 0 0 2299 5476">
    <p class='ocr_par' dir='ltr' id='par_1_3' title="bbox 0 0 2299 5476">
     <span class='ocr_line' id='line_1_51' title="bbox 0 0 2299 5476; baseline 0 0"><span class='ocrx_word' id='word_1_423' title='bbox 0 0 2299 5476; x_wconf 95' lang='lat' dir='ltr'> </span> 
     </span>
    </p>
   </div>
  </div>
 </body>
</html>
